2416 4748
207 590 235 661 .’
335 570 486 711 Oratio·
507 570 751 665 XXXVII.
915 606 995 693 ¹⁹³

90 770 177 863 „llic
192 784 342 875 qunque
360 770 444 869 ipfis
462 774 633 869 pietatem
654 772 812 869 profiteri
836 802 908 853 non
934 802 997 857 ve·

79 878 248 967 {mutum
299 872 405 949 Alios
431 874 542 949 ctiam
569 876 746 970 quosdam
765 874 996 973 sapientiores

79 970 254 1065 lpaudivi,
278 974 341 1069 qui
367 970 593 1047 divinitatem
617 974 835 1059 metiuntur,
862 1000 906 1051 ac
926 980 996 1055 tila

91 1072 258 1245 ,quidem
278 1072 425 1169 perinde
443 1092 486 1145 ac
505 1094 572 1145 nos
593 1071 745 1165 intelligi
760 1074 995 1169 confitentum

87 1212 110 1257 ll

79 1230 82 1235 .
121 1170 166 1245 ccl
182 1193 230 1244 ca
250 1169 347 1245 inter
364 1166 398 1245 se
415 1168 647 1267 disjungunt.
671 1188 711 1243 ut
737 1196 848 1257 unum
869 1196 995 1253 eorum

79 1332 83 1341 .
171 1268 321 1343 clientis
344 1266 382 1343 ἀ
411 1270 583 1363 potestate
608 1266 788 1345 inlinitum
817 1272 994 1362 statuant,

80 1368 265 1456 ultorum
280 1366 473 1463 potestate,
491 1392 562 1441 non
581 1368 669 1442 item
684 1366 840 1451 ellentia.
861 1372 993 1470 pollie-

80 1488 208 1555 „mum
235 1480 390 1563 utroque
417 1466 731 1563 circumscriptum.
799 1468 877 1545 Noa
904 1492 993 1546 veto

79 1588 174 1655 „neo
193 1576 287 1647 ,cnm
312 1566 379 1653 iis,
416 1566 476 1659 qui
496 1588 564 1639 nec
591 1564 764 1662 Spiritum
782 1566 850 1641 elle
873 1568 992 1646 Deum

80 1664 278 1757 ..cenicum
301 1688 369 1741 nec
385 1688 470 1739 cum
487 1666 722 1759 nugatoribus
740 1667 895 1741 ethnicis
916 1691 996 1743 ver·

80 1764 155 1857 „uc
177 1764 508 1845 commutabimus,
537 1787 619 1841 cum
637 1766 780 1841 caeteris
800 1786 924 1843 autem
946 1762 995 1843 ad

80 1864 205 1961 „nnnc
223 1864 374 1939 modum
396 1861 668 1959 disputabimus.
714 1974 720 1997 Ι

154 2084 190 2157 3.
215 2058 402 2155 „Spiritus
417 2056 569 2131 Sanllns
586 2058 706 2134 velex
723 2082 848 2135 eornm
864 2078 990 2135 nume·
1000 2072 1158 2144 Divinum

80 2178 172 2249 „tm
195 2178 283 2255 quae
308 2179 370 2253 per
396 2158 428 2229 le
454 2156 657 2245 sublillunt,
690 2159 897 2233 statuendus
920 2158 1137 2245 est,Splrltao

82 2254 170 2347 „vel
182 2256 282 2333 inter
304 2280 346 2329 ea
370 2256 626 2339 collocandus.
650 2278 734 2352 quae
757 2261 793 2333 in
813 2260 886 2333 alio
906 2246 1037 2332 con-S·

82 2352 307 2447 „lincuntur
331 2353 369 2429 lit
395 2358 561 2431 accidens
588 2376 781 2432 vocantur:
819 2381 863 2431 ac
888 2356 991 2449 siqui·

80 2456 191 2545 „dam
215 2457 404 2538 accidens,
432 2456 485 2527 vis
502 2456 538 2528 lic
562 2454 717 2530 facultas
739 2460 907 2551 quaedam
926 2450 996 2532 Dei

80 2558 176 2647 „erit
196 2554 464 2650 compositionis
482 2576 632 2649 expers:
664 2553 689 2629 si
708 2556 763 2629 vis
785 2555 997 2630 &facultas

80 2652 169 2747 „fin
188 2670 321 2747 agetur
338 2654 436 2725 haud
454 2654 579 2737 dubie,
608 2678 678 2727 non
697 2668 802 2747 aget.
823 2654 997 2749 litnulque

80 2772 150 2845 „ut
174 2752 278 2829 attus
303 2753 432 2834 fuerit,
466 2754 610 2827 delinct.
678 2756 748 2837 Qui
771 2752 811 2827 fn
829 2779 933 2847 ergo.
958 2765 1000 2828 ut

85 2868 217 2949 agat.
248 2850 285 2927 ἅ
308 2854 388 2927 haec
405 2850 441 2925 δι
459 2851 521 2923 illa
540 2850 664 2925 dicat?
699 2852 763 2926 Sin
781 2865 903 2927 autom
921 2852 1001 2927 lub-

86 2950 238 3045 „stantia
269 2948 339 3039 est,
388 2949 446 3021 vel
481 2964 644 3024 creatura
675 2950 898 3035 censebitur.
940 2942 1000 3024 vel

84 3048 239 3143 „Deus‘l
277 3050 316 3123 Si
340 3063 526 3131 creatura.
551 3050 734 3141 quomodo
758 3051 795 3124 in
820 3074 904 3123 eum
923 3070 1000 3123 cre·

86 3150 254 3241 „dimum
288 3162 353 3223 aut
372 3150 410 3221 in
430 3172 473 3221 eo
493 3146 726 3244 perficimur?
767 3150 999 3244 nequeenim

86 3250 206 3339 „idem
226 3246 295 3333 cst,
318 3248 464 3321 credere
486 3248 523 3319 in
546 3247 709 3341 aliquid,
743 3248 842 3341 quod
869 3247 1001 3321 ‹livini-

87 3352 177 3439 „nti
208 3349 382 3421 convenit
412 3344 449 3420 lic
480 3347 625 3419 credere
650 3349 696 3419 de
721 3346 866 3443 aliquo.
902 3338 1000 3441 quod

88 3448 258 3537 „cuilibet
285 3448 337 3521 tei
362 3447 539 3537 congruit.
591 3445 629 3519 Si
656 3457 779 3519 aulem
802 3444 903 3519 Dens
929 3442 1000 3532 est,

87 3562 209 3637 „certe
237 3568 304 3619 nec
331 3560 514 3627 creatura,
547 3568 614 3617 nec
636 3540 793 3631 latinia,
823 3566 890 3619 nec
913 3566 999 3619 con·

89 3646 248 3739 „servum
272 3667 341 3719 nec
362 3643 460 3718 aliud
481 3644 619 3717 humile
637 3662 783 3717 nomen.

169 3862 206 3937 4
244 3836 425 3935 „lnqulst
465 3851 530 3914 ant
560 3836 743 3935 ingenitus
770 3830 919 3913 omnino
948 3812 1114 3936 estoljltt,
1132 3866 1162 3921 ς,

90 3940 265 4039 „Spiritus
287 3940 460 4027 sanstus,
486 3950 551 4013 aut
577 3934 751 4033 genitus?
792 3932 832 4014 si
857 3936 995 4031 ingeni·
1183 3934 1187 3947 '

123 4090 408 4234 nna-ampo
429 4144 614 4215 rmum.
754 4124 790 4208 u
892 4050 994 4125 ''m‘'
