2416 4748
97 590 100 595 ¹
203 606 345 699 Oratio
374 604 620 701 XXXVII.
730 526 866 730 '197
986 640 1009 661 ··

79 806 159 884 ead
175 830 291 885 unum
312 830 376 894 ea.
408 830 492 906 quae
509 832 555 883 ex
575 832 621 884 eo
644 808 742 897 sont.
773 812 869 887 refe-

78 930 133 993 ur,
157 906 223 983 etsi
239 926 313 983 tres
329 906 496 1005 personas
518 910 720 1001 credimus;
749 933 867 1007 oeque

78 1006 177 1081 thoe
201 1006 342 1103 magis,
372 1006 462 1081 illud
488 1009 678 1105 posteriue,
709 1033 776 1084 nec
801 1032 867 1085 vo·

79 1120 128 1179 rte
146 1104 365 1187 scinduntur.
388 1119 452 1181 aut
469 1108 629 1204 potentin
645 1108 868 1197 dividuntur,

79 1202 250 1293 ndiuidua
269 1204 305 1278 in
322 1204 479 1279 dividuis
493 1206 542 1279 est
558 1206 740 1284 divinitas.
771 1207 869 1294 Quid

79 1326 131 1384 ur.
156 1303 314 1379 dixerint
327 1298 492 1389 sortasse,
524 1329 645 1379 nonne
668 1308 764 1402 apud
787 1307 869 1393 eth·

79 1424 266 1498 r.quoque
291 1402 408 1476 deitas
436 1426 508 1477 una
539 1404 607 1487 eli,
653 1419 694 1479 ut
715 1406 867 1493 docent,

79 1498 254 1575 terfesliur
270 1502 366 1595 apud
381 1500 465 1575 illos
481 1500 793 1599 philosophantur,
811 1518 868 1581 at·

79 1603 168 1771 rpud
190 1622 256 1675 nos
274 1621 389 1695 genus
414 1602 614 1677 universum
638 1624 710 1677 una
740 1604 869 1679 noma·

146 1696 184 1775 dr
212 1714 334 1775 tamen
359 1700 407 1772 dii
431 1699 530 1783 sunt,
555 1726 630 1775 non
652 1724 758 1777 unus.
808 1702 868 1777 si-

79 1796 110 1874 it
135 1798 242 1873 multi
262 1798 440 1874 homines.
490 1798 544 1873 At
570 1800 645 1874 illic
665 1804 895 1887 communi·¹

79 1897 250 1972 unitatem
276 1898 386 1971 habet
409 1900 628 1991 cogitatione
658 1900 729 1973 sola
754 1898 870 1973 confi·

80 1996 206 2081 rilem,
238 1993 426 2092 singularia
455 2012 577 2070 autern
604 2018 787 2093 ternpore,
813 1998 870 2073 as-

80 2096 200 2171 inibue
223 2091 261 2168 dt
290 2095 464 2169 facultate
489 2098 681 2195 plupimum
711 2098 805 2170 inter
833 2100 871 2172 se

80 2216 93 2267 ι
119 2193 209 2269 suut.
264 2190 361 2267 Deos
380 2215 466 2265 vero
485 2196 589 2278 illos,
621 2216 712 2289 quos
733 2196 869 2271 ethnici

80 2304 132 2377 nt,
155 2315 200 2367 ac
221 2293 407 2368 daemones
428 2292 515 2366 nihil
539 2317 561 2367 a
585 2294 690 2367 nobie
712 2292 868 2370 accusari
1015 2296 1021 2325 ⁷

80 2390 120 2465 le
138 2390 206 2481 eli,
237 2414 318 2466 cum
344 2414 365 2466 a
393 2391 538 2465 suismet
564 2392 758 2490 Theologis
781 2417 868 2470 con·

80 2506 198 2577 untur,
231 2513 339 2586 quarn
363 2488 480 2565 soedis
504 2489 689 2568 affedibus
717 2492 868 2569 obnoxii

106 2604 145 2664 at
172 2590 299 2664 nostrae
322 2588 489 2663 doum
509 2615 580 2665 uon
599 2592 725 2667 eadem
746 2592 794 2667 eli
811 2616 869 2668 ra·

95 2688 156 2763 sed
179 2690 308 2764 horum
332 2688 516 2783 quodlibet
536 2694 713 2767 unitatem
737 2692 867 2779 habet,

80 2789 198 2863 minus
215 2786 307 2884 ejus,
324 2810 405 2861 cum
423 2810 494 2881 quo
511 2790 750 2884 conjungitur.
758 2813 868 2886 quam

81 2885 176 2984 psius
200 2886 356 2984 respeslu
380 2900 523 2987 propter
549 2890 705 2965 effeotiae
728 2891 867 2964 idendi-

81 3012 114 3063 u.

84 3240 94 3261 .
120 3182 219 3269 ..Sed
238 3182 376 3277 inquis,
399 3206 461 3262 ea.
480 3204 561 3275 quae
577 3181 739 3279 ejusdem
760 3182 867 3261 effen·
880 3204 1005 3291 otjeffio

81 3284 168 3369 hut,
194 3298 517 3361 connumerantur.
549 3304 630 3379 quoe
648 3298 769 3359 autem
795 3286 916 3359 dis-ex
933 3312 1044 3355 conou-

81 3406 106 3469 ε,
138 3405 210 3453 non
229 3397 550 3455 connumerantur:
585 3408 630 3457 ex
655 3405 729 3479 quo
754 3380 1017 3480 sequi-merui*

116 3502 181 3554 vos
204 3494 278 3553 tres
304 3481 391 3553 deos
422 3481 568 3553 asserere
596 3482 747 3567 debere.
785 3508 866 3559 cum
877 3482 923 3526 Μ·

81 3578 252 3653 snullum
265 3580 340 3651 tale
361 3580 557 3675 periculum
583 3582 783 3667 immineat,
809 3583 871 3680 qui

83 3677 370 3754 onsubslantialia
391 3680 458 3750 elle
480 3680 627 3754 minime
650 3682 870 3778 profitemur.

82 3838 88 3853 .
125 3778 254 3852 Omnis
276 3800 446 3851 numerus
471 3778 563 3851 hanc
583 3779 654 3854 vim
674 3781 803 3862 habet.
829 3793 872 3856 ut

82 3878 225 3951 eliorum
252 3878 512 3971 quantitatem.
551 3904 622 3951 non
645 3881 733 3955 item
754 3898 876 3954 rerum

82 3999 160 4052 ram
184 3977 351 4072 explicet.
400 3976 478 4069 Ego
504 3978 613 4070 igitur
636 3982 705 4054 tria
730 3979 877 4075 quidem

82 4076 233 4168 omino,
268 4096 350 4174 quae
368 4077 520 4248 toppdem
545 4098 695 4154 numero
712 4078 812 4165 sunt,
838 4076 877 4249 dfiae

467 4199 491 4269 3
821 4226 848 4268 ar
