2416 4748
80 39 267 317 Ι
503 39 507 315 Ι
699 330 723 343 l
920 316 925 331 ι

888 432 896 465 Ι
910 450 916 459 ι

120 458 150 565 5
195 434 200 465 2

258 578 399 723 Oratio
431 624 530 759 LIL
615 751 630 759 .„
763 659 846 743 ass

80 856 107 911 n
123 832 197 911 hoo
216 830 328 909 modo
354 830 559 927 opinionem
575 828 716 927 potino,
740 846 852 928 quam

80 933 307 1009 itemicarnia
330 931 526 1022 inducunt,
557 928 655 1005 illud.
672 928 851 1027 Apostoli·

80 1031 162 1108 :also
184 1030 449 1127 intelligentes.
482 1034 518 1105 in
563 1028 777 1105 militudinem
793 1030 852 1103 iro·
1066 1083 1070 1091 .

80 1130 324 1207 rsaloatorcm
343 1130 511 1205 s'aiiume
539 1154 580 1214 e,
601 1126 639 1205 δι
656 1128 784 1205 habitu
797 1129 854 1203 in·
932 1122 942 1167 ²
1066 1188 1070 1193 .

80 1252 121 1305 m
141 1242 183 1305 ut
201 1231 408 1313 hominem,
433 1226 531 1325 quasi
548 1228 606 1305 his
636 1228 755 1305 verbis
781 1252 856 1305 non
1093 1256 1096 1261 ·

80 1330 268 1407 tna'sotma
285 1326 520 1424 significetur,
543 1326 603 1402 sed
623 1322 738 1401 fallax
757 1346 856 1423 quae·
986 1408 990 1415 ,

80 1416 215 1525 [ρεοὶὲι
234 1428 272 1504 dt
296 1426 441 1523 opinior
469 1448 552 1503 oum
570 1438 694 1503 tamen
710 1427 770 1501 hae
789 1448 855 1502 vo·

80 1526 151 1601 este
172 1526 364 1603 intelletiae
393 1546 476 1603 cum
500 1528 634 1625 pietate
656 1514 856 1623 confunsiae

90 1624 129 1704 dc
149 1622 273 1703 Vitaiii
289 1627 397 1702 rerba
417 1628 516 1723 pium
536 1624 673 1701 sensnm
685 1624 876 1703 habeant.

80 1727 326 1801 ¹contrarium
355 1725 528 1800 docentes
552 1722 727 1799 Damasus
761 1725 855 1799 ratic

80 1824 117 1901 ὼ-
138 1824 308 1900 Ecclesiae
336 1838 443 1898 coetu
466 1823 668 1907 abdicauit,
701 1822 856 1922 fideique

80 1944 139 2001 um
157 1943 242 1999 oum
266 1924 572 2002 anathematismo
591 1920 737 1999 deleuit

87 2110 257 2208 „Pudore
276 2114 385 2215 igitur
405 2118 672 2207 suffundantur,
696 2140 764 2196 nec
779 2137 857 2195 am·

88 2220 229 2302 dicant,
254 2220 476 2295 adorandum
493 2217 560 2293 esse
579 2242 652 2292 non
672 2218 858 2295 hominem

80 2340 185 2405 num,
208 2316 267 2392 sed
285 2318 404 2395 Deurn
421 2312 659 2401 carnisemm.
682 2338 755 2416 quo
772 2314 859 2415 quid

80 2439 116 2493 oo
136 2414 224 2511 fingi
249 2415 382 2513 ponet?
426 2418 522 2493 Nam
539 2416 647 2515 siquis
664 2418 859 2494 immutato

80 2515 243 2592 rocabnlo
267 2516 381 2604 domo.
414 2518 452 2593 dt
475 2520 562 2593 item
583 2516 660 2632 hac·
675 2539 765 2591 voce
782 2538 860 2592 coro

80 2614 288 2791 midi?
306 2614 861 2812 iiiisiffiii‘ndiiiiiiisii

80 2836 117 2911 pe
144 2813 287 2889 adorari
314 2816 444 2887 debere
472 2838 542 2887 non
574 2835 719 2889 carnem
746 2812 861 2891 deiso-

115 2911 175 2987 sed
201 2912 319 2987 Deum
354 2912 620 2988 hominiserum.
671 2913 702 2989 Ο
735 2915 861 3006 ingen·
954 3006 957 3013 Ι

80 3010 355 3087 absurditatem!
397 3010 642 3086 absconditam
668 3012 742 3115 posi
756 3010 862 3089 Chri·

90 3112 299 3209 sapientiam
323 3111 427 3186 nobis
449 3111 687 3198 annuntiant,
712 3108 750 3187 id
765 3110 863 3209 quod

80 3210 277 3305 lachrymis
294 3210 442 3305 dignum
461 3206 520 3284 est.
565 3209 604 3286 Si
623 3208 720 3287 enim
737 3211 864 3307 trigin-

80 3322 222 3386 nntaxat
261 3312 307 3384 ab
341 3310 425 3383 hinc
455 3305 560 3383 annia
594 3306 684 3385 fides
718 3312 863 3390 initium

80 3408 146 3494 sit.
190 3428 272 3484 cum
300 3408 552 3503 quadringenti
578 3407 653 3505 jam
681 3409 757 3484 sere
780 3412 865 3488 anni

80 3510 175 3594 rint,
203 3530 226 3583 a
251 3528 322 3603 qun
348 3505 508 3582 Christus
533 3506 778 3585 manifestatus
799 3511 864 3603 est3

80 3608 240 3705 tutique
268 3621 372 3682 tanto
405 3623 568 3707 tempore
595 3604 667 3683 fnit
700 3604 866 3707 Evange-

82 3758 92 3792 ‚
116 3706 235 3782 inanis
259 3710 369 3780 etiam
392 3705 482 3781 fides
506 3702 641 3796 nostra,
669 3703 793 3785 frustra
819 3734 865 3785 ue

80 3820 162 3901 yma
187 3807 364 3901 martyrio
385 3802 558 3901 perfrrnsii
581 3805 684 3892 sont,
707 3803 745 3883 ἀ
771 3734 865 3886 mico

81 3926 145 3999 que
170 3902 360 3979 Antisiites
384 3903 478 4001 plebi
504 3904 751 3999 praefuerunt,
785 3926 864 3984 ver·

80 4022 157 4101 rqoc
174 4026 247 4081 oon
266 4016 388 4080 autem
415 4001 498 4078 fidoi
522 3999 570 4076 est
598 4004 724 4100 gratia

731 4156 862 4274 oun‘-
