2416 4748
280 630 465 725 maan
491 628 639 722 run.
768 724 805 771 Ι,
845 660 932 749 229

80 840 187 931 ptem
204 828 347 907 dierum
363 831 474 930 spatio
491 831 743 921 submovetur,
767 830 839 908 hoc
860 830 930 920 est,

80 944 159 1007 nuc
173 928 214 1006 ἀ
234 930 340 1007 acida
354 932 534 1027 pratitas,
564 932 601 1008 dt
619 933 740 1029 impiae
760 931 931 1009 dodrinae
1051 1008 1055 1019 ,

80 1030 227 1127 diquiae.
285 1028 409 1126 Atque
424 1030 477 1106 illi
498 1031 643 1129 quidem
662 1032 832 1127 lugeant,
862 1052 931 1107 noc

80 1142 176 1205 utem
202 1128 437 1205 comedemus
473 1132 520 1204 ad
552 1129 734 1227 vesperam
763 1128 930 1228 quidem,
958 1186 962 1207 ,

80 1226 232 1315 uoniam,
254 1228 293 1303 in
325 1225 553 1305 saeculorum'
569 1229 642 1304 line
673 1228 780 1329 paffio
802 1228 931 1307 chriti

80 1326 227 1423 ontigit5
250 1350 325 1402 non
344 1326 501 1416 elixum,
527 1326 586 1403 led
602 1328 750 1419 tellum,
782 1331 866 1427 quia
888 1328 932 1405 li·
955 1420 957 1427 Ι

80 1422 259 1503 eldoilrae
278 1423 440 1503 dotlrina
461 1439 541 1503 tota
556 1426 690 1515 solida,
715 1450 806 1525 pura
823 1427 861 1504 dt
886 1427 932 1504 li·

80 1546 137 1601 era
156 1522 219 1601 est.
269 1524 453 1621 Quidquid
471 1548 577 1625 porro
590 1548 759 1603 carneum
775 1526 813 1603 dt
832 1527 930 1602 escu-
1082 1546 1085 1553 ·
1150 1584 1154 1591 .

80 1636 193 1701 ntum
211 1624 322 1699 habet
334 1624 505 1713 dollriaa,
521 1648 606 1701 cum
622 1626 795 1701 intellinia
810 1648 932 1703 come·
1081 1674 1091 1689 .

80 1734 179 1813 etun
196 1720 236 1799 dt
248 1723 296 1807 ad
312 1722 529 1821 spiritualem
547 1722 815 1800 concodionem
830 1726 930 1821 dige·
1024 1806 1031 1819 ¹,

80 1834 170 1913 tur,
194 1842 218 1897 a
235 1822 353 1923 capite
369 1846 483 1921 usque
502 1824 550 1899 ad
566 1824 695 1921 pedec3
720 1823 842 1911 idest,
860 1823 933 1919 pri-

80 1942 130 1999 us
147 1921 351 2006 divnitatis
369 1923 715 2018 contemplationes,
749 1923 786 1999 dt
801 1922 934 2021 polire·

80 2044 130 2097 ru
156 2020 421 2097 incarnationis
443 2022 709 2097 meditationes.
755 2021 833 2096 Nec
847 2043 933 2096 varo

80 2120 249 2217 uldunam
266 2116 471 2203 efferemus,
493 2144 686 2216 nucusque
697 2119 744 2195 ad
759 2141 866 2195 mane
881 2144 938 2195 re·

80 2239 278 2315 nqncmue;
303 2220 473 2316 qnoniam
492 2220 603 2294 ne'ad
624 2235 769 2294 exteros
787 2220 934 2315 quidem

80 2338 179 2413 ugna
200 2316 398 2392 nostrorum
420 2319 669 2415 mysteriorum
685 2341 768 2416 pars
785 2316 937 2393 efferen-

80 2414 183 2501 rell,
211 2416 388 2492 nec-ultra
402 2418 500 2494 -hanc
523 2416 662 2493 nollem
679 2419 844 2515 purgatio
860 2416 936 2494 ulla

80 2514 212 2613 mest,
238 2515 358 2591 necin
379 2517 478 2591 verbi
499 2517 732 2615 participibus
749 2514 934 2614 procrasti-

80 2618 147 2691 rtio
173 2613 322 2688 laudem
348 2614 468 2699 habet,
519 2617 701 2706 Quidquid
737 2629 859 2692 autem
883 2616 932 2692 ad

80 2712 233 2791 lendum
251 2736 322 2786 non
342 2730 487 2809 aptum,
513 2714 712 2793 &difficile
730 2715 930 2790 considera·

88 2810 237 2913 potest,
262 2836 334 2885 nun
351 2812 446 2886 male
464 2812 706 2909 intelligetur,
739 2840 804 2890 nec
823 2812 929 2912 proji-

80 2928 164 2989 etut
190 2908 370 2985 sceleratis
396 2912 494 2986 verbi
519 2913 830 3009 discerpturibue,
872 2910 932 2985 sed

80 3036 130 3091 ne
153 3007 383 3096 absumetur,
410 3033 481 3105 quo
499 3011 536 3085 dt
555 3012 759 3087 holocausta
777 3036 801 3088 a
819 3012 932 3111 Spiri·
1020 3014 1022 3019 ’

104 3109 239 3186 omnia
255 3107 432 3185 scrutante
447 3109 692 3187 absumuntur.

83 3335 127 3405 4.
145 3304 231 3394 „Ne
245 3304 530 3400 modusquidem
540 3307 829 3383 manducationis
837 3327 929 3405 prae·

80 3404 249 3483 reundue
271 3404 329 3481 eli
381 3405 572 3481 Viliimam
586 3409 682 3482 enim
699 3407 928 3483 ablumemue

80 3506 279 3589 llinanter,
310 3528 356 3578 ne
381 3520 525 3602 propter
543 3506 696 3583 nostram
715 3509 752 3582 in
767 3506 929 3581 deterius

80 3602 339 3688 luverlionem,
362 3626 444 3699 quae
461 3630 506 3677 ex
526 3606 751 3681 cunstatione
768 3606 863 3680 nalci
876 3606 930 3677 so·

80 3714 120 3787 t,
146 3722 354 3799 pereamus:
384 3705 628 3778 cumlailucis
644 3718 767 3779 autem
786 3704 932 3801 agresti·

80 3822 119 3880 tc
134 3801 393 3887 comedemus,
426 3806 596 3898 quoniam
610 3805 682 3878 vita
698 3803 769 3897 legi
786 3801 934 3880 consen-

80 3923 161 3979 mea
188 3900 239 4015 lie·
257 3899 473 3996 praesertim,
505 3904 566 4017 qui
592 3903 766 4018 incipiunt
776 3958 794 4019 ,ι
821 3906 934 4016 ardua

80 3999 262 4195 utili
280 3998 365 4200 {ln
391 4001 933 4278 llssluillrlli‘liilj}

525 4225 547 4300 3
831 4223 879 4298 „c
916 4240 934 4265 ¹
