2424 4732
265 525 351 641 7³⁶
480 518 525 615 S·
548 518 816 641 Amphilochii
838 520 1010 645 Epist.-

263 722 407 817 ,iniute
438 722 719 825 haudquaquam
751 720 938 821 deonna,
988 730 1032 799 ut
1066 718 1168 799 arira

265 844 394 915 ,mirre
422 826 600 921 navigant
623 824 751 900 mnndi
786 822 900 997 hnpjua
923 820 1060 923 pelage
1086 836 1169 899 m·

266 924 427 1023 „pestate
439 922 593 1021 jactator
607 924 655 997 da
667 926 806 1023 peceati
839 922 941 999 untia
956 920 1170 1011 maheru.

266 1022 466 1119 ..vicosque
487 1021 527 1100 ἀ
548 1022 657 1098 urben
680 1022 919 1107 eirenmien‘a.
948 1022 1169 1117 angiportu

265 1142 365 1219 „que
381 1118 421 1196 tir
447 1119 594 1199 semina
616 1136 727 1218 atque
746 1120 872 1197 aditur
894 1118 1170 1197 eirenmnurianr

263 1232 455 1313 „amantea
475 1221 514 1295 in·
536 1223 675 1306 mrim,
699 1219 760 1295 seu
783 1243 875 1295 ovea
904 1244 984 1295 nnn
1003 1220 1169 1297 habenta

261 1320 465 1419 ,paito'rem
483 1320 537 1395 ad
547 1318 732 1419 proprium
745 1320 842 1395 ovile
858 1320 1069 1397 reduceret.
1104 1316 1168 1416 lpit

263 1442 448 1513 „namque
478 1419 549 1505 eii.
592 1420 654 1517 qui
686 1442 791 1495 orem
818 1432 1007 1495 errantem
1029 1418 1167 1517 quatit.

264 1518 427 1615 „quique
452 1518 803 1615 nonagintanovem
828 1518 964 1593 relittia
996 1520 1046 1593 ad
1069 1540 1167 1593 noan

263 1620 569 1715 „perquirendam
599 1620 758 1695 advenit„
820 1618 966 1715 Quippe
991 1620 1165 1714 quaerebat

176 1804 180 1811 ¹
261 1740 400 1808 „unam
416 1740 483 1791 nec
502 1716 668 1811 spernena
684 1718 841 1801 multae.
866 1740 937 1792 nee
952 1740 1071 1793 unam
1089 1714 1165 1792 mui-

260 1816 436 1907 „titudini
455 1816 668 1913 praeferam
705 1816 947 1893 nihilominus
973 1830 1102 1893 umen
1123 1838 1164 1891 re·

259 1916 395 2013 ‚iiquit
414 1918 779 2011 nonagintanovem:
807 1938 873 2012 par
890 1915 991 1991 enim
1010 1932 1114 2003 erat.
1134 1926 1164 1989 ut

259 2028 369 2104 „turo
386 2016 424 2090 in
444 2022 548 2091 eruin
564 2030 802 2091 morarentur.
845 2012 968 2091 Unam
988 2032 1118 2091 autern
1130 2012 1160 2089 il·

259 2114 361 2207 „itm
379 2114 577 2211 progreisua
591 2115 789 2211 quaerebat,
814 2108 1072 2205 utne'diabolo
1088 2134 1162 2212 prz-

261 2214 338 2302 „ria'
350 2214 516 2304 cederem
542 2236 628 2289 nam
650 2214 730 2289 oria
746 2216 882 2308 absque
897 2212 1043 2309 pastore
1059 2234 1162 2313 prom·

260 2324 327 2402 „ta
352 2311 438 2387 feria
467 2314 538 2397 est,
575 2331 773 2410 parataque
796 2334 934 2399 coena,
978 2314 1162 2409 animaque

259 2412 468 2509 „iignacuio
484 2434 611 2486 carena
635 2410 771 2488 insidiis
793 2412 1008 2489 daemonum
1036 2414 1087 2489 eii
1111 2434 1163 2485 ea·

258 2509 411 2609 „posita
470 2512 664 2607 Propterea
697 2533 810 2606 nuper
841 2511 1046 2589 Zaehaeum
1076 2510 1163 2589 velot

257 2632 393 2702 „ovem
417 2632 465 2684 err
486 2611 561 2707 lupi
584 2632 646 2684 ore
668 2611 846 2706 abripuit,
864 2613 1164 2709 commiscuitque

258 2709 424 2800 „tanim
454 2706 492 2785 &
507 2708 689 2804 fignaculo
720 2708 866 2809 (scilicet
888 2712 1030 2809 gratia)
1061 2712 1164 2787 duna·

256 2810 358 2901 „ritz
390 2808 598 2883 sicutenim
624 2808 739 2904 pastor
757 2812 911 2884 errantia
939 2814 1024 2887 oria
1046 2825 1164 2909 captu·

255 2930 364 3001 „ram
390 2910 572 2985 meditaoa
600 2906 681 2984 finit
705 2910 905 2985 cicuratum
931 2911 1097 2997 animal,
1128 2922 1164 2985 ut

254 3008 399 3100 „libero
425 3008 543 3102 pastu,
584 3007 798 3083 resilientem
827 3024 1003 3089 renatum
1029 3012 1164 3087 trahat:

256 3108 336 3197 „ita
358 3106 395 3182 ἀ
420 3106 489 3182 Dei
507 3109 679 3191 verbum.
713 3128 821 3203 quam
846 3106 892 3183 de
919 3106 1072 3205 Virgine
1094 3130 1164 3187 aar·

254 3229 366 3296 „nem
382 3207 543 3301 accepit,
562 3228 630 3283 eeu
646 3227 753 3281 orem
769 3209 806 3281 in
823 3207 967 3302 pascua,
989 3210 1032 3285 in
1049 3206 1164 3286 meni

253 3304 426 3394 „Zachaei
447 3302 602 3390 nimina,
626 3316 669 3383 ut
693 3307 877 3382 communi
899 3305 984 3403 lege
1010 3308 1164 3385 convivii

251 3405 317 3494 „in
345 3404 442 3479 suam
472 3406 621 3480 mahen·
647 3403 931 3481 familiaritatem
954 3404 1163 3487 clanculum

250 3502 340 3596 „ino
354 3504 442 3579 ovili
458 3503 680 3601 adiungeret.

323 3724 358 3775 2.
393 3701 614 3785 „Conterum
632 3700 750 3799 quiid
770 3700 977 3781 nesciebant
993 3702 1161 3784 Pharisaei

249 3803 569 3890 „murmurabant‚
595 3801 761 3877 videnter
777 3806 1065 3881 manducantem
1083 3826 1160 3883 cum

245 3900 486 3993 „publicania
548 3900 741 3977 Enimvero
765 3917 983 3998 rumpantur
1015 3904 1073 3983 illi
1098 3928 1159 3981 eeu

245 4010 373 4090 „utrea
391 4014 542 4079 vetaret.
569 3998 694 4078 Morti
714 4026 749 4097 o.
773 4026 805 4079 u.
827 4026 884 4103 ¹7·
932 4003 1051 4083 Haud
1068 4007 1157 4081 enim

997 4126 1155 4198 „novum
