2416 4748
190 434 200 445 r

147 590 184 717 ss
287 646 375 739 ut
463 620 507 713 s.
542 588 730 731 megin
763 616 1030 719 uanum

288 824 431 916 „derim
457 819 515 896 sed
534 841 650 917 neque
664 817 805 894 scelesta
820 818 886 896 tibi
900 812 1136 918 lingun'eii‚r

235 984 238 991 .
289 924 412 1012 „male
432 920 568 1006 iatius,
589 942 657 994 nec
672 917 982 997 circumforaneus
998 942 1052 997 ec.
1100 922 1136 1009 Qu

288 1023 409 1113 „circa
434 1021 507 1097 noli
532 1019 590 1105 id,
626 1018 723 1117 quod
749 1016 931 1115 accepisti,
963 1018 1136 1119 pbilosopi

285 1120 506 1221 „projicere.
537 1116 575 1193 dt
595 1118 641 1192 ob
665 1139 725 1191 ren
743 1139 875 1212 ¹parum
894 1116 1026 1209 inflari.
1071 1118 1136 1197 Vni

152 1262 155 1269 ·
287 1220 397 1314 „vilic
420 1218 592 1313 gloriola:
629 1239 696 1291 nos
717 1218 866 1291 verbum
889 1214 1078 1295 artiiffime
1098 1240 1136 1293 cu

286 1318 536 1416 „pleftamun
578 1336 621 1391 ac
645 1336 710 1411 pro
740 1316 910 1392 omnibus
947 1319 1058 1394 rebor
1085 1300 1136 1393 solu

286 1418 433 1508 „Deum
461 1416 594 1491 habere
617 1429 785 1512 optemus
811 1412 925 1490 solum
952 1418 1136 1515 perennet

284 1538 425 1609 „namt
456 1517 508 1592 ita
537 1512 620 1599 fiet,
652 1526 692 1588 ut
719 1513 778 1587 hic
804 1535 947 1611 qunque
974 1514 1136 1613 splendor

282 1614 554 1714 „adequamun
578 1627 644 1689 aut
668 1626 765 1687 certe
780 1613 817 1687 in
836 1614 960 1690 futuro
975 1636 1072 1693 avoc

446 1821 852 1909 EPISTOLA
907 1831 1040 1913 LXIV·

629 1992 843 2112 Philagrio.

106 2193 209 2294 Μῑ
283 2204 403 2337 Eum
416 2197 463 2280 ad
490 2192 633 2277 fortiter
650 2198 884 2300 perferendos
906 2196 1074 2298 corpori!
1094 2198 1136 2275 do

102 2289 253 2431 mma}
358 2324 417 2378 res
447 2300 623 2376 hortatur.
676 2299 897 2385 „Gratulon
930 2300 1136 2396 inquit..ti

178 2383 219 2430 ⁰⁹⁸
253 2404 262 2432 ⁴
283 2402 407 2499 „quod
428 2398 669 2496 philosophice
688 2399 724 2474 in
743 2398 1011 2475 calamitatibus
1025 2415 1064 2474 te
1080 2420 1136 2497 ger

281 2503 379 2592 „hoc
395 2497 528 2575 scilicet
545 2498 717 2582 decebat,
742 2498 930 2572 doloribus
957 2522 1034 2574 non
1057 2499 1136 2575 fran

282 2598 369 2689 „sed
389 2597 506 2671 lutum
522 2610 773 2679 contemnere.
809 2594 943 2673 sursum
971 2610 1136 2691 autema

283 2719 409 2789 „mum
425 2696 578 2782 habere,
599 2718 642 2769 ac
668 2718 728 2789 per
745 2698 984 2789 cogitationes
1003 2720 1097 2781 cunr
1116 2694 1136 2773 [

282 2794 491 2890 „conjungi
542 2795 639 2868 Sane
650 2791 853 2870 Aristotelis
871 2794 1136 2890 jejunitatem

281 2897 435 2994 „probru
455 2894 515 2990 qui
531 2892 793 2969 beatitudinem
811 2893 986 2969 definiens
1001 2909 1136 2972 extero

281 2995 416 3086 „etiam
435 2997 609 3071 bonorum
626 2994 908 3078 abundantiam,
935 3016 1046 3090 open.
1070 2993 1136 3071 &r

258 3098 261 3103 ’
280 3095 507 3186 „letudinem
525 3091 579 3168 iili
594 3089 779 3186 adjunxit:
800 3106 838 3166 at
852 3092 1061 3170 Stoicorum
1080 3092 1136 3169 ani

278 3192 591 3287 „magnitudinem
609 3191 733 3267 laudo.
759 3190 820 3287 qui
838 3213 897 3265 res
909 3205 1082 3267 externas
1098 3214 1136 3285 nr·

229 3324 232 3333 ·
275 3306 382 3383 „tum
399 3294 445 3367 ad
462 3290 721 3365 beatitudinem
740 3289 1040 3385 impedimentum
1060 3288 1136 3367 uffo

278 3391 450 3480 ,.dicunt.
476 3388 536 3462 sed
559 3387 675 3464 virum
694 3389 827 3462 bonum
846 3391 992 3465 beatum
1009 3389 1103 3479 effe,
1134 3428 1136 3451 ι

278 3488 329 3579 „st
349 3484 611 3565 io-Phalaridis
635 3498 743 3563 tauro
763 3502 953 3567 cremetur.
1021 3487 1080 3564 Ob
1107 3512 1136 3565 et

172 3588 178 3599 '
276 3587 443 3677 „causam
468 3584 627 3659 admiror
647 3587 929 3681 Anaxarchum.
968 3586 1136 3685 Epicteto

275 3680 341 3777 „dt
363 3685 572 3768 Socratem.
595 3704 748 3780 quorum
774 3686 1046 3782 primus,mann
1069 3685 1132 3765 sna

276 3782 475 3873 „mortario
491 3780 580 3877 juiiu
598 3785 745 3877 tyranni
764 3785 912 3860 contusa
931 3782 1086 3881 jubebat
1109 3806 1136 3863 ct

274 3882 425 3976 „nifices
441 3880 582 3953 culeum
601 3884 771 3957 tundere:
796 3883 889 3959 alter
902 3906 1007 3958 crure
1023 3884 1087 3962 subi
1102 3908 1136 3960 cr

276 3980 415 4075 „frusto
440 3980 540 4053 velut
568 3979 605 4052 in
632 3981 750 4054 alieno
777 4004 926 4079 corpore
957 3982 1136 4082 philosop!

276 4084 436 4179 „batnrt
470 4077 639 4153 Socrates
657 4101 743 4156 uero
758 4080 915 4160 cicutam
931 4084 1090 4163 libenter
1112 4085 1136 4159 ei

1089 4178 1136 4276 „b
