2424 4732
255 617 338 706 194
438 591 482 682 S.
504 590 700 703 'Gregorii
733 526 998 703 Naziarrneoi

250 802 361 883 „tum
384 792 479 885 ‘ergo
499 789 573 864 duo
590 802 696 863 erunt
717 788 878 885 principii
899 772 1078 885 expertis.
1118 790 1141 873 S

251 904 402 981 „autem
427 890 593 983 genitus,
631 904 695 962 aut
718 912 765 961 ex
789 890 894 963 Patre
915 890 1061 983 genitus
1089 890 1136 965 eii

251 1003 342 1080 „aut
358 1013 404 1061 ex
423 988 535 1073 Filio,
562 986 651 1060 fiex
670 990 796 1069 Patre.
822 989 896 1061 duo
919 988 998 1063 sunt
1023 986 1089 1061 iiiii
1116 972 1141 1065 d«

248 1088 425 1179 „fratrem
468 1085 644 1181 gemellos
671 1087 779 1160 etiam
815 1085 932 1182 finge.
976 1086 1001 1161 sr
1035 1088 1137 1163 lubet

246 1199 338 1280 „aut
363 1186 517 1260 alterum
543 1199 631 1257 natu
658 1188 852 1282 majorem,
886 1187 1041 1260 alterum
1069 1202 1141 1261 nau

245 1287 471 1378 „minorem
502 1283 646 1380 quando
671 1285 723 1357 irn
747 1285 928 1377 corporeis
952 1286 1062 1359 rebus
1087 1287 1141 1361 im

244 1382 408 1476 „mersus
431 1406 482 1457 es.
533 1383 573 1457 Si
601 1397 722 1456 autem
745 1406 791 1455 ex
813 1382 926 1466 Filio,
951 1381 1029 1481 jam
1048 1386 1141 1461 nobi

242 1482 411 1576 „inquies
428 1503 541 1577 nepos
560 1480 657 1555 Deus
674 1483 817 1569 extitit,
839 1503 911 1577 quo
929 1483 1015 1577 quid
1032 1482 1141 1559 auson

243 1579 353 1674 „dius
378 1579 465 1675 fingi
482 1576 609 1677 puffiti
657 1577 754 1679 Resp.
781 1594 1020 1677 praeterquam
1054 1580 1141 1676 quod

243 1681 308 1773 „in
330 1679 406 1752 Deo
423 1679 536 1756 'sexus
553 1700 626 1753 non
646 1676 713 1765 srt,
750 1681 919 1775 quoniam
941 1679 1141 1759 uivisronen

242 1792 370 1873 „tuam
392 1779 565 1874 primam,
596 1778 779 1875 quainter
803 1781 1004 1873 ingenitum
1030 1778 1068 1855 dc
1088 1802 1141 1877 ge.

242 1878 387 1971 „nitum
404 1876 494 1952 nihil
519 1877 680 1952 medium
704 1878 772 1951 effe
795 1879 999 1961 arbitraris,
1035 1878 1141 1957 houd

242 1988 450 2076 „quaquam
481 1968 728 2057 admittimus.
774 1979 936 2073 protinus
968 1978 1034 2052 tibi
1066 1986 1141 2055 cun

93 2102 98 2111 ·
240 2076 439 2175 „praeciara
457 2087 520 2150 tna
534 2074 705 2149 divisione
722 2074 850 2149 fratres
868 2076 921 2150 iiii
941 2076 978 2151 dr
997 2092 1141 2172 nepoter

9 2210 28 2221 ··
149 2226 154 2255 -.
239 2176 445 2274 „peribunt
499 2174 568 2249 Ubi
589 2175 685 2248 enim
702 2176 820 2268 quaeso
839 2186 947 2270 penes
965 2176 1022 2253 id,
1051 2176 1141 2270 quod

239 2276 448 2373 „‘procedit‚
482 2272 579 2370 quod
604 2274 749 2367 quidem
777 2277 870 2349 inter
894 2275 985 2347 dues
1006 2273 1141 2350 divido«

86 2458 96 2466 μ
237 2375 323 2467 „nir
342 2384 416 2446 tuae
438 2384 557 2468 partes
581 2370 803 2467 interjeiium
828 2372 894 2447 effe
911 2372 1069 2458 constat,
1107 2372 1141 2469 dt

236 2496 286 2562 „a
304 2470 443 2547 Christo
464 2471 713 2547 introducitur.
740 2470 849 2573 ρῗοαη.
873 2497 927 2566 15.
970 2472 1039 2559 Qui
1057 2492 1141 2569 quui

234 2583 370 2664 „tenus
396 2570 441 2646 ab
465 2569 529 2644 ilio
557 2570 739 2665 procedit,
783 2584 947 2645 creatura
975 2594 1048 2647 non
1075 2568 1141 2663 est,

96 2722 100 2729 ·
232 2682 438 2768 „quatenus
452 2667 574 2743 rursus
588 2669 732 2760 genitus
751 2692 820 2741 non
841 2671 911 2753 est,
936 2669 1050 2744 Filius
1067 2694 1140 2749 non

232 2768 327 2861 3,est;
359 2781 538 2865 quatenus
553 2781 674 2841 antem
692 2768 785 2841 inter
802 2770 1003 2864 ingenitum
1024 2768 1062 2845 dr
1078 2770 1139 2868 ge·

232 2870 378 2960 „nitu'm
404 2866 546 2941 medius
564 2865 635 2955 est,
672 2864 772 2941 Deus
789 2865 849 2943 eu.

51 3072 190 3161 Proceffio
303 3086 337 3160 ς.
365 3064 482 3153 „Quae
499 3080 585 3156 ergo
602 3056 951 3159 esthaecproceiiioi
977 3056 1138 3159 inquient

50 3159 134 3253 quir.
230 3160 316 3250 „dic
337 3174 398 3249 tu,
436 3184 518 3257 qnae
543 3162 660 3237 Petris
686 3162 888 3256 ingenitum
912 3159 974 3246 srt,
1007 3162 1044 3237 dr
1068 3184 1137 3257 ego

226 3258 324 3352 „Flii
351 3262 621 3356 generationem
645 3259 683 3335 dt
707 3260 862 3356 Spiritus
881 3260 1136 3358 processionem

222 3359 433 3456 „explicare
451 3359 640 3455 aggrediar
647 3379 659 3450 3
686 3372 727 3433 ut
745 3360 853 3433 ambo
878 3362 1011 3433 mentis
1034 3360 1139 3435 resae

221 3459 309 3548 „nia
325 3457 528 3555 praecipites
549 3475 700 3553 agamur
715 3459 753 3534 in
778 3458 844 3531 Dei
861 3458 1030 3554 mysteria
1046 3478 1134 3535 ocn-

221 3550 307 3647 „los
330 3555 553 3653 injicientes,
579 3579 708 3654 nempe
734 3558 796 3652 qui
823 3580 937 3630 neec
964 3559 1132 3653 quidem,

164 3700 168 3714 ‚
217 3676 328 3751 „quae
351 3668 436 3731 ante
456 3657 568 3754 pedes
585 3653 685 3743 sunt,
708 3679 855 3729 erenum
872 3656 983 3731 maris
999 3656 1037 3732 dt
1059 3658 1141 3733 alia.

217 3775 456 3844 „enumerare
479 3755 681 3851 possumus,
722 3757 854 3830 nedum
879 3757 916 3831 in
950 3755 1018 3829 Dei
1048 3776 1132 3852 pro·

216 3853 357 3944 „funda
394 3867 592 3950 penetrare.
666 3854 763 3939 Quid
796 3875 901 3947 ergo,
938 3854 1105 3950 inquiunt
1115 3864 1131 3942 ‚'

216 3952 394 4046 „Spiritui
410 3952 517 4042 deest,
534 3953 581 4028 ad
599 3951 669 4026 hoc
686 3965 727 4026 ut
740 3952 782 4026 srt
799 3950 924 4027 filiuni
945 3952 1060 4027 deesse
1074 3954 1131 4030 ni·

216 4050 297 4145 „hii
319 4052 473 4143 dicimur
480 4075 492 4146 3
530 4050 722 4128 nonenim
747 4049 827 4126 Deo
851 4052 1046 4150 quidquam
1065 4053 1130 4228 dste·

1030 4176 1080 4244 »θ
1116 4173 1128 4227 3
