2416 4748
1115 370 1119 379 ι

1012 390 1017 401 Ι

173 416 176 427 ι

326 436 331 445 ι

220 570 414 705 Ὀναιὲο
447 608 617 703 XLIII.
696 626 702 633 '
810 638 895 729 237
987 708 990 713 ,

76 812 236 887 {eumue
251 811 424 897 sordidus,
449 835 513 911 pro
532 792 679 909 superbo
695 808 789 888 vilic.
813 810 896 885 Hoc

78 914 195 988 animo
220 910 354 999 fueris,
380 925 488 1010 atque
510 916 561 987 ita
582 914 733 1006 seceris,
764 911 896 987 coelum

76 1011 243 1093 inovum
265 1014 354 1099 erit,
379 1012 416 1085 δι
434 1027 529 1086 terra
549 1035 655 1088 nova.

76 1212 103 1283 I.
127 1206 229 1294 „Sed
250 1208 298 1284 ed
324 1209 496 1306 temporie
521 1229 663 1305 quoque
678 1205 827 1295 festum,
853 1218 1069 1289 utSMemcs
1121 1226 1124 1237 ·

76 1328 87 1380 t
127 1305 199 1389 est.
244 1307 500 1384 celebrandum
544 1330 611 1381 nos
649 1306 1042 1399 conferamuc3Mareyr.
1153 1292 1159 1331 ¹

76 1406 214 1481 mmcde
230 1408 328 1481 enim
354 1412 475 1483 omnia
499 1407 547 1481 ad
567 1410 637 1482 hoc
661 1405 787 1481 festum
811 1428 898 1479 con·

76 1504 368 1601 uuut.s1muique
385 1506 564 1581 laetantur.
592 1505 685 1581 Vide
701 1508 796 1579 euim
811 1526 900 1600 que-

93 1602 184 1691 siut,
209 1626 293 1701 quae
311 1604 381 1678 hoc
401 1628 511 1680 veruo
530 1619 690 1701 tempore
707 1602 824 1679 oculis
845 1602 902 1679 of·

76 1714 203 1777 untur:
236 1704 400 1799 princeps
430 1704 513 1777 anui
538 1724 620 1798 pars
649 1703 796 1799 principi
824 1704 901 1778 die·

76 1802 689 1977 uuuiiiiuuuiui
703 1802 902 1976 iiiiii:

76 2020 85 2071 ι
106 1996 227 2075 Deum
253 2000 425 2079 laudant.
455 1999 492 2073 δι
517 2000 666 2074 vocibus
683 2000 795 2073 mutis
813 2022 901 2073 con·

76 2096 225 2174 iebant:
259 2114 402 2193 propter
422 2101 543 2173 omnia
557 2102 652 2174 euim
674 2104 800 2193 gratiae
820 2097 900 2173 Dec

76 2216 160 2273 rme
184 2198 384 2282 habentur,
409 2212 519 2292 atque
541 2198 594 2272 ita
611 2198 754 2272 illorum
775 2197 902 2272 lauda·

76 2316 185 2371 'mea
218 2294 389 2382 efficitur,
430 2298 597 2371 nimirum
622 2320 643 2370 a
669 2296 800 2393 quibus
831 2317 900 2390 ego

76 2394 141 2469 udis
164 2409 418 2489 argumentum
445 2396 560 2490 capio,
630 2395 677 2469 Et
697 2395 778 2491 quia
804 2417 902 2470 nuuc

76 2494 187 2567 uibus
203 2492 357 2568 Ieufibus
373 2491 569 2589 pascimur.
590 2495 773 2590 Mauyres
787 2497 898 2571 etiam

76 2612 84 2661 ι
116 2593 178 2668 dio
213 2595 386 2689 populum
421 2596 598 2677 retinent,
653 2618 696 2669 ac
728 2617 898 2690 pompam

76 2704 154 2779 unt,
177 2692 319 2788 piebem
336 2691 465 2767 Christi
485 2705 666 2769 amantem
683 2704 899 2781 convocent,

92 2792 291 2866 certamina
319 2792 379 2865 sua
408 2793 444 2865 in
469 2792 650 2887 publicum
677 2805 901 2888 proponunt:

76 2912 96 2962 u
122 2912 319 2965 enumero
344 2911 602 2985 uuusquuque
630 2891 678 2964 est
704 2915 807 2964 meus
837 2890 900 2964 ille

76 3004 227 3071 uectus,
255 3012 375 3064 ·meus
399 2989 495 3063 euim
522 2990 583 3062 etsi
607 3015 677 3063 non
707 2990 802 3077 apud
827 3012 901 3074 me,

76 3110 165 3163 imas
194 3088 256 3161 ille
288 3088 432 3183 insignis
463 3087 499 3161 &
527 3090 639 3184 pastor
670 3088 707 3163 &
735 3089 900 3183 Martyr‚

76 3188 82 3259 i
99 3188 201 3283 prius
217 3188 361 3281 quidem
377 3209 502 3262 cervas
515 3186 713 3282 mulgebat,
730 3188 777 3261 ud
790 3186 918 3261 Sanc·-

76 3286 232 3361 uvinun
259 3311 353 3359 novo
370 3285 407 3361 &
428 3286 595 3361 inusitato
621 3286 710 3360 laste
731 3286 904 3362 alendum

76 3386 190 3460 rtatim
208 3401 448 3480 properantes.
505 3386 610 3459 Nunc
631 3406 752 3459 nutum
770 3400 907 3461 metro-

76 3482 117 3557 iis
134 3483 278 3579 plebem
296 3486 425 3580 pascit.
452 3484 631 3581 hodieque
646 3488 770 3559 multis
787 3484 906 3559 homi·

76 3606 107 3657 uu
127 3582 293 3659 millibus
309 3586 466 3679 undique
481 3588 751 3659 accurrentibus
770 3606 832 3657 ver
849 3584 906 3658 iu·

76 3695 156 3765 nt,
192 3693 271 3757 tum
294 3684 339 3757 ob
368 3683 511 3757 virtutis
535 3683 818 3776 pulchritudines
843 3705 907 3757 va·

76 3804 113 3877 pu
131 3778 170 3855 ἀ
186 3780 383 3876 pastoribus
406 3782 578 3875 dignum,
611 3797 688 3857 tum
708 3783 753 3855 ob
775 3785 907 3856 lermo-

76 3879 360 3974 itriumphaies,
385 3902 457 3975 quo
476 3904 560 3954 vere
577 3882 714 3955 utinam
731 3882 770 3956 iu
791 3883 906 3955 altero

76 4004 99 4053 ο
131 3981 311 4075 particeps
339 3977 535 4055 efficiamur
563 3981 734 4075 praeclare
766 3984 802 4055 in
835 3981 904 4051 hac

76 4101 90 4154 ι
105 4079 258 4171 mutati,
283 4101 327 4154 cc
344 4080 429 4155 novi
445 4079 492 4154 ad
508 4100 642 4156 nuvam
657 4082 769 4156 vitam
787 4098 903 4189 unus·

791 4188 902 4268 „mlt‘
