2424 4732
171 692 174 697 ,
268 576 354 675 ort
445 571 489 667 s.
524 572 996 697 mogontiacum

142 770 145 777 ’
266 773 617 869 „mernenariorum‚
642 772 876 890 nessiorum..
919 772 960 855 si
977 773 1104 851 servus

137 982 202 1019 -·
266 873 946 1072 :tisisairiassiiissf'r
962 872 1147 1087 siis:

265 1095 437 1167 ‚‚vetere‚
470 1095 514 1155 ac
535 1074 639 1154 bonis
660 1073 827 1172 operibus
847 1071 966 1159 stude,
997 1093 1083 1169 qura
1105 1070 1147 1145 ho

129 1266 132 1271 Ι
266 1172 409 1271 „ipsum
436 1195 575 1253 mercen
603 1170 672 1260 est,
706 1171 798 1269 patri
829 1168 912 1248 obse
937 1171 985 1249 ui.
1058 1169 1147 1247 Omr

133 1336 149 1361 ,.
267 1272 362 1364 „tibi
394 1286 537 1369 tempos
568 1273 616 1351 ad
647 1270 865 1349 abloendum
897 1194 1070 1349 igoneum
1102 1266 1147 1345 es

164 1424 169 1435 .
266 1370 586 1468 „quandoquidem
605 1370 746 1455 nullum
761 1382 906 1467 ternpus
927 1370 1058 1447 mortis
1083 1389 1147 1467 pet

267 1469 380 1563 „culo
396 1483 513 1549 vacat.
559 1468 642 1547 Non
659 1470 839 1556 advertis,
862 1484 898 1547 te
914 1492 936 1545 a
950 1467 1098 1547 diabolo
1113 1466 1147 1545 dt

266 1567 393 1661 „locu
427 1568 514 1647 dum
539 1570 612 1657 ait,
639 1570 687 1644 da
714 1569 802 1645 mihi
827 1567 981 1666 praesona
1006 1579 1147 1665 tempor

266 1666 458 1759 „sumtum
476 1666 573 1747 Deo:
609 1678 744 1765 quanto
764 1669 801 1743 in
818 1667 977 1766 periculo
994 1664 1146 1747 versoria

268 1780 405 1869 „quom
454 1789 610 1864 namque
624 1766 798 1864 inopinati
823 1789 942 1845 rerum
959 1764 1062 1843 casus
1077 1786 1147 1843 mci

183 1894 186 1901 ·
267 1878 369 1956 „tem
392 1788 611 1945 afferentes?
649 1865 703 1945 At
734 1863 760 1943 fi
788 1888 850 1964 per
875 1865 1147 1963 Baptismums

267 1966 564 2062 „praemuniero
603 1965 764 2044 animum
789 1963 977 2062 &corpur
1007 1962 1147 2044 unstioa

267 2063 334 2159 „tir
350 2063 473 2162 spiritu
496 2064 728 2162 consignans,
758 2060 830 2143 hoc
851 2064 917 2140 tibi
936 2062 974 2143 δι
992 2063 1077 2141 vivo
1098 2082 1147 2141 mt

267 2164 437 2252 „nimum
454 2162 502 2241 ad
520 2163 745 2243 securitatem
768 2175 996 2241 momentum
1026 2158 1147 2239 afferes

269 2261 334 2351 ,ὧι
351 2263 427 2336 vita
450 2264 633 2361 persunsin
658 2262 889 2343 commodum
915 2258 1147 2365 quoddamsr

269 2360 555 2459 „oebremonus
570 2363 731 2445 futurum
748 2361 808 2442 est.

92 2564 194 2667 crassa
210 2566 257 2632 nr·-
344 2563 377 2635 ὁ.
403 2559 481 2650 „At
503 2561 658 2647 metuis,
690 2583 736 2635 ne
760 2561 912 2656 gratiam
943 2538 1147 2659 corrumpar

89 2651 230 2752 impu
270 2679 340 2746 „nc
353 2660 502 2756 proinde
525 2660 728 2757 purgationi
743 2682 882 2736 moram
902 2658 1091 2754 producis.
1117 2678 1147 2736 nr

89 2733 230 2889 ‘’asffl
269 2772 381 2855 „pote
397 2759 535 2835 nullam
556 2760 709 2835 alteram
729 2758 822 2834 ultra
839 2760 986 2834 habens.
1037 2757 1147 2837 vern

88 2816 154 2972 ἵζ’
269 2881 319 2946 ,,ο
335 2857 504 2953 ingentes
526 2859 626 2954 pravi
648 2858 747 2933 illins
763 2858 952 2935 versutias!
982 2858 1044 2956 qui
1068 2858 1147 2937 sacis

142 2952 150 2973 '
217 2986 221 2993 ¹
268 2968 337 3047 „nt
357 2958 444 3033 dum
472 2958 601 3045 times,
635 2981 680 3032 ne
705 2958 841 3032 donum
868 2979 1098 3052 corrumpas,
1132 2980 1147 3035 t

146 3120 149 3125 .
265 3054 367 3154 „ipsa
395 3055 441 3132 de
463 3056 569 3132 causa
592 3057 638 3132 ab
662 3080 707 3131 eo
731 3057 873 3154 prorsus
896 3056 1055 3132 excidua.
1121 3056 1147 3133 Ἰ

266 3167 416 3245 „autem
451 3176 497 3229 ne
528 3156 664 3232 hostem
699 3155 737 3230 in
764 3154 949 3232 confilium
979 3154 1147 3233 adhibeat

265 3253 467 3351 „quamdiu
495 3255 533 3330 in
562 3252 904 3331 catechumenorum
932 3278 1085 3330 numero
1109 3278 1147 3333 cr

110 3368 119 3407 1
264 3356 330 3445 „io
350 3352 495 3450 pietatis
523 3351 694 3428 vestibulo
718 3375 778 3444 εις
805 3354 938 3430 intrare
958 3370 995 3429 te
1012 3368 1147 3451 oportet

265 3450 331 3543 „ot
354 3475 438 3527 cum
458 3450 634 3529 Trinitate
665 3450 857 3548 conjungi,
890 3454 1060 3551 quocirca
1089 3454 1147 3531 flu

229 3584 232 3589 ·
265 3551 464 3648 „clypeum
478 3549 647 3628 adversus
663 3576 747 3627 eum
766 3551 892 3648 objice.
942 3552 1090 3650 juvenis
1112 3576 1147 3631 et

266 3665 396 3741 „tuam
407 3648 635 3746 juventutem
652 3675 697 3729 ne
718 3650 935 3728 marcescere
953 3651 1096 3730 sustine:
1121 3652 1147 3729 st

112 3808 115 3813 .
266 3747 406 3839 „nilem
423 3761 572 3826 aetatem
594 3754 695 3846 agis,
718 3750 966 3850 prudentiam,
989 3775 1072 3848 quae
1096 3764 1147 3829 at

161 3916 164 3921 .
265 3847 485 3943 „requiritur
493 3902 505 3941 ,
530 3872 595 3947 pro
619 3876 681 3937 ea,
715 3874 787 3948 qua
810 3876 905 3926 nunc
930 3854 1086 3938 teneris.
1118 3852 1147 3929 ia

265 3946 463 4038 „firmitate
479 3948 623 4045 praesta.
650 3954 773 4047 paucis
791 3952 865 4026 tuis
880 3951 1027 4047 reliquis
1042 3951 1147 4027 diebu

263 4046 467 4139 „succurro
519 4049 645 4130 lofana
667 4052 732 4130 tibi
754 4050 822 4143 est,
847 4050 893 4128 ab
917 4051 1071 4131 infantia
1084 4050 1147 4230 6Mser

1055 4202 1083 4244 9!
