2424 4732
421 322 428 349 i
666 342 671 351 ,
1163 326 1168 343 r

151 626 154 637 ·
233 590 252 623 ‘
312 630 316 635 ·
419 556 651 686 Orationrst'
825 678 828 687 ,
892 618 975 709 751

14 832 18 837 ·
64 793 390 893 „inexplicabilem
410 793 701 875 humanitatem!
746 806 978 887 commutem

63 896 201 991 „Dens
220 916 304 971 cum
324 896 475 973 homine
499 897 697 973 sermonem
725 894 871 981 miscet,
897 916 980 992 pro·

62 996 288 1091 „blemaque
309 993 347 1072 dt
370 996 601 1091 quaestionem
625 996 790 1090 regulam
812 992 979 1069 humani·

60 1095 186 1189 „tatis
210 1110 434 1192 proponent,
477 1096 578 1171 illius
602 1097 781 1172 maiitiam
813 1093 979 1170 dilloirit.

62 1191 210 1289 ,stimme
231 1196 328 1269 enim
352 1194 471 1291 iuquit
491 1194 592 1269 tabeo
612 1192 674 1270 ritu·
699 1193 827 1291 aliquid
852 1193 980 1280 dicere,

61 1294 194 1391 „quod
216 1295 306 1368 uuili
324 1307 493 1370 ueterum
519 1294 618 1375 dixi.
649 1318 723 1368 non
743 1291 979 1392 patriarchae,

60 1417 170 1489 „non
190 1394 396 1489 prophetae,
423 1408 495 1468 nun
513 1393 723 1489 legislatori.
775 1390 878 1467 Tunc
901 1391 981 1488 qui·

11 1496 29 1507 “
62 1492 179 1585 „dem
206 1495 434 1589 quaerebam,
463 1494 588 1568 crutam
610 1510 677 1592 pru
704 1493 817 1579 oraio,
837 1488 982 1583 *dentem

60 1616 155 1693 ,·‚pro
174 1592 286 1679 dente,
311 1578 428 1667 Exod.
449 1618 507 1667 21.
532 1610 564 1668 rt.
584 1611 642 1689 24.
668 1592 766 1688 quod
781 1588 911 1686 julium
929 1588 980 1664 ert

61 1691 244 1786 „exigens
250 1712 261 1783 3
289 1695 375 1787 quia
393 1712 477 1765 vero
494 1710 567 1766 non
585 1692 730 1788 potellis
746 1689 860 1776 ferre,
879 1682 979 1786 quod

61 1786 223 1887 „julium
249 1788 318 1875 est,
351 1782 434 1864 ioco
458 1791 555 1886 legis·
575 1791 728 1887 gratiam
752 1790 908 1875 induco,
931 1790 978 1864 ti·

61 1890 202 1986 „bique
221 1888 460 1983 inenarrabile
480 1891 756 1966 Sacramentum
777 1888 872 1964 diso.
924 1886 977 1961 At

61 1986 157 2083 „ille
190 1980 271 2063 ait:
314 1986 479 2089 Magister
504 1990 581 2063 die:
613 1986 680 2081 duo
704 1995 798 2062 nont
820 1984 979 2061 debitore?

62 2078 233 2188 „obflrr'tii
255 2088 314 2161 ani
334 2089 418 2165 viro.
472 2088 564 2165 Vide
582 2088 651 2163 Dei
666 2086 893 2183 sapientiam.
920 2106 978 2161 rc·

61 2188 183 2277 „ticet
200 2186 414 2273 mulierem,
440 2194 482 2262 ut
495 2207 541 2262 nc
556 2189 605 2262 ud
622 2184 881 2283 responioriem
894 2176 977 2279 iub

39 2285 178 2378 ·„dole
192 2285 401 2361 cavilletur:
435 2304 536 2370 anus,
561 2287 698 2383 inquit,
724 2283 859 2375 debebat
874 2283 975 2358 dena·

64 2388 160 2477 „rr'os
180 2387 393 2483 quingentos,
426 2376 468 2461 19
487 2384 574 2460 aliter
590 2386 838 2482 quinquaginta.
888 2383 976 2457 Ter-

62 2483 207 2575 „r'ibilis
222 2483 441 2559 narrationis
465 2483 608 2579 species.
661 2484 720 2560 Est
743 2473 889 2560 libellus
907 2482 976 2557 hu·

10 2640 16 2651 .
64 2606 201 2674 „mana
217 2583 313 2664 vita,
338 2581 602 2679 inadspetiabili
625 2585 764 2660 ratione
784 2580 820 2659 dt
839 2584 983 2676 cogita*
1133 2610 1138 2622 =

10 2732 23 2779 ἰ
64 2695 172 2777 „tus,
204 2679 422 2756 &titiones
447 2681 484 2757 dt
508 2683 697 2759 oculorum
724 2704 836 2776 vagos
862 2680 975 2769 ilius,

10 2782 43 2875 'f
60 2794 286 2876 „motusque
305 2781 417 2856 animi
440 2782 670 2877 perscribens,
724 2784 843 2857 Solvit
867 2780 976 2856 nihil·

10 2906 23 2975 p
60 2881 236 2974 „ominus
260 2892 400 2954 metum
435 2879 611 2977 benignus
640 2879 817 2965 creditor,
858 2881 890 2954 is
918 2886 976 2955 in·

10 3022 25 3071 ι
56 3001 220 3079 „quam
246 2978 309 3075 qui
330 2979 523 3075 disrumpit
548 2978 785 3075 chirographa
811 2980 972 3076 peccati,

10 3124 14 3135 ·
53 3103 156 3171 „nec
182 3077 377 3174 disrumpit
406 3078 543 3165 solum,
586 3077 844 3154 verumetiam
874 3076 973 3153 delet

10 3214 17 3263 ,·
50 3180 193 3276 ,aquis
219 3172 409 3271 baptismi,
442 3192 554 3252 utne
582 3177 753 3253 elementi
781 3194 845 3253 aut
867 3176 974 3274 lilla·

10 3322 12 3329 ·
48 3280 147 3370 „bae
172 3275 343 3372 superstes
368 3275 574 3372 vestigium.
605 3277 784 3352 malorum
813 3277 974 3372 praeteri·

46 3391 209 3467 „toturn
236 3389 512 3453 monumentum
537 3377 612 3451 fiat.
663 3369 744 3450 Non
770 3374 973 3463 inbecillior,

44 3498 176 3572 „ergo
197 3477 334 3571 inquit,
374 3476 465 3562 iltis,
503 3481 588 3552 aude
614 3476 802 3558 redderent,
837 3478 974 3550 donauit

41 3578 243 3671 „areisque
321 3573 469 3650 Vidiiiin
503 3577 717 3650 creditorem
744 3566 973 3649 humanum?

41 3690 132 3767 „ut
163 3674 311 3771 quidem
342 3673 556 3756 foeneretur,
598 3674 655 3750 sed
689 3698 761 3747 nou
797 3670 975 3772 recipiat?

39 3790 130 3867 „ut
153 3774 265 3849 etiam
294 3793 380 3867 erga
412 3773 574 3870 ingratos
608 3796 679 3849 nou
705 3784 870 3867 torpeat,
913 3770 974 3847 scd
1005 3842 1009 3849 .

38 3873 223 3969 „habeat
239 3872 451 3967 rogantibus
465 3887 627 3969 apertam
646 3894 813 3949 manum:
832 3898 896 3945 noa
913 3865 975 3945 irc·

16 3972 250 4065 .„tenre·tes,
275 3973 415 4068 inquit,
440 3975 524 4047 rende
542 3972 732 4057 redderent,
756 3973 898 4066 atrisque
914 3967 976 4044 du·

33 4074 190 4168 „namt
241 4069 384 4151 Dimisit
400 4069 487 4165 illie,
511 4074 574 4169 qui
594 4096 667 4148 nou
685 4069 875 4155 habereut,
900 4086 975 4185 nou

880 4188 972 4259 sumt
