<?xml version="1.0" encoding="UTF-8"?>
<!DOCTYPE html PUBLIC "-//W3C//DTD XHTML 1.0 Transitional//EN"
    "http://www.w3.org/TR/xhtml1/DTD/xhtml1-transitional.dtd">
<html xmlns="http://www.w3.org/1999/xhtml" xml:lang="en" lang="en">
 <head>
  <title>
</title>
<meta http-equiv="Content-Type" content="text/html;charset=utf-8" />
  <meta name='ocr-system' content='tesseract 3.04.00' />
  <meta name='ocr-capabilities' content='ocr_page ocr_carea ocr_par ocr_line ocrx_word'/>
</head>
<body>
  <div class='ocr_page' id='page_1' title='image "./analysisoperums06schrgoog/analysisoperums06schrgoog_0226.png"; bbox 0 0 2424 4732; ppageno 0'>
   <div class='ocr_carea' id='block_1_1' title="bbox 184 478 990 661">
    <p class='ocr_par' dir='ltr' id='par_1_1' title="bbox 184 478 990 661">
     <span class='ocr_line' id='line_1_1' title="bbox 184 478 990 661; baseline -0.007 -20"><span class='ocrx_word' id='word_1_1' title='bbox 184 478 202 493; x_wconf 71' lang='grc'><strong><em>’</em></strong></span> <span class='ocrx_word' id='word_1_2' title='bbox 311 546 456 641; x_wconf 70' lang='lat' dir='ltr'><strong>oraro</strong></span> <span class='ocrx_word' id='word_1_3' title='bbox 494 544 781 643; x_wconf 74' lang='lat' dir='ltr'><strong>ermrt</strong></span> <span class='ocrx_word' id='word_1_4' title='bbox 906 574 990 661; x_wconf 78' lang='lat'><strong>203</strong></span> 
     </span>
    </p>
   </div>
   <div class='ocr_carea' id='block_1_2' title="bbox 51 744 1111 2321">
    <p class='ocr_par' dir='ltr' id='par_1_2' title="bbox 85 744 1111 1142">
     <span class='ocr_line' id='line_1_2' title="bbox 85 744 1048 849; baseline 0.003 -28"><span class='ocrx_word' id='word_1_5' title='bbox 85 756 185 839; x_wconf 79' lang='lat' dir='ltr'><strong>„erat</strong></span> <span class='ocrx_word' id='word_1_6' title='bbox 208 744 251 825; x_wconf 84' lang='lat' dir='ltr'><strong>dt</strong></span> <span class='ocrx_word' id='word_1_7' title='bbox 278 748 352 849; x_wconf 81' lang='lat' dir='ltr'><strong>erit</strong></span> <span class='ocrx_word' id='word_1_8' title='bbox 373 746 461 825; x_wconf 77' lang='lat' dir='ltr'><strong>finxi</strong></span> <span class='ocrx_word' id='word_1_9' title='bbox 484 749 656 846; x_wconf 73' lang='lat' dir='ltr'><strong>temporis</strong></span> <span class='ocrx_word' id='word_1_10' title='bbox 679 746 785 823; x_wconf 86' lang='lat' dir='ltr'><strong>nostri</strong></span> <span class='ocrx_word' id='word_1_11' title='bbox 811 747 992 843; x_wconf 83' lang='lat' dir='ltr'><strong>segmenta</strong></span> <span class='ocrx_word' id='word_1_12' title='bbox 1043 748 1048 779; x_wconf 91' lang='lat'><strong>·&#39;</strong></span> 
     </span>
     <span class='ocr_line' id='line_1_3' title="bbox 87 846 991 941; baseline 0.002 -20"><span class='ocrx_word' id='word_1_13' title='bbox 87 846 200 937; x_wconf 73' lang='lat' dir='ltr'><strong>„sunt</strong></span> <span class='ocrx_word' id='word_1_14' title='bbox 261 850 445 936; x_wconf 85' lang='lat' dir='ltr'><strong>Quoniam</strong></span> <span class='ocrx_word' id='word_1_15' title='bbox 468 856 553 923; x_wconf 85' lang='lat' dir='ltr'><strong>v&#39;ern</strong></span> <span class='ocrx_word' id='word_1_16' title='bbox 580 850 731 926; x_wconf 89' lang='lat' dir='ltr'><strong>bonitati</strong></span> <span class='ocrx_word' id='word_1_17' title='bbox 760 847 830 921; x_wconf 83' lang='lat' dir='ltr'><strong>suae</strong></span> <span class='ocrx_word' id='word_1_18' title='bbox 857 870 991 941; x_wconf 87' lang='lat' dir='ltr'><strong>nequa·</strong></span> 
     </span>
     <span class='ocr_line' id='line_1_4' title="bbox 90 946 991 1041; baseline -0.001 -21"><span class='ocrx_word' id='word_1_19' title='bbox 90 968 223 1041; x_wconf 76' lang='lat' dir='ltr'><strong>„qum</strong></span> <span class='ocrx_word' id='word_1_20' title='bbox 239 946 328 1023; x_wconf 83' lang='lat' dir='ltr'><strong>satis</strong></span> <span class='ocrx_word' id='word_1_21' title='bbox 344 960 442 1037; x_wconf 77' lang='lat' dir='ltr'><strong>erat,</strong></span> <span class='ocrx_word' id='word_1_22' title='bbox 467 947 526 1023; x_wconf 86' lang='lat' dir='ltr'><strong>sna</strong></span> <span class='ocrx_word' id='word_1_23' title='bbox 549 947 662 1023; x_wconf 88' lang='lat' dir='ltr'><strong>solnm</strong></span> <span class='ocrx_word' id='word_1_24' title='bbox 687 946 991 1041; x_wconf 81' lang='lat' dir='ltr'>contemplatione</span> 
     </span>
     <span class='ocr_line' id='line_1_5' title="bbox 90 1044 1111 1142; baseline -0.001 -22"><span class='ocrx_word' id='word_1_25' title='bbox 90 1046 274 1137; x_wconf 57' lang='lat' dir='ltr'><strong>„moveri</strong></span> <span class='ocrx_word' id='word_1_26' title='bbox 303 1046 362 1120; x_wconf 86' lang='lat' dir='ltr'><strong>sed</strong></span> <span class='ocrx_word' id='word_1_27' title='bbox 377 1046 511 1122; x_wconf 87' lang='lat' dir='ltr'><strong>bonum</strong></span> <span class='ocrx_word' id='word_1_28' title='bbox 525 1046 675 1123; x_wconf 83' lang='lat' dir='ltr'><strong>diffundi</strong></span> <span class='ocrx_word' id='word_1_29' title='bbox 692 1047 900 1142; x_wconf 81' lang='lat' dir='ltr'>oportebat,</span> <span class='ocrx_word' id='word_1_30' title='bbox 923 1044 993 1139; x_wconf 85' lang='lat' dir='ltr'><strong>pri·</strong></span> <span class='ocrx_word' id='word_1_31' title='bbox 1106 1064 1111 1081; x_wconf 91' lang='lat'><strong>·</strong></span> 
     </span>
    </p>

    <p class='ocr_par' dir='ltr' id='par_1_3' title="bbox 51 1143 1048 1241">
     <span class='ocr_line' id='line_1_6' title="bbox 51 1143 1048 1241; baseline -0.003 -22"><span class='ocrx_word' id='word_1_32' title='bbox 51 1212 53 1219; x_wconf 82' lang='grc'>,</span> <span class='ocrx_word' id='word_1_33' title='bbox 91 1166 214 1235; x_wconf 81' lang='lat' dir='ltr'><strong>„mum</strong></span> <span class='ocrx_word' id='word_1_34' title='bbox 234 1144 419 1241; x_wconf 80' lang='lat' dir='ltr'><strong>angelicas</strong></span> <span class='ocrx_word' id='word_1_35' title='bbox 435 1143 473 1220; x_wconf 84' lang='lat' dir='ltr'><strong>dr</strong></span> <span class='ocrx_word' id='word_1_36' title='bbox 491 1146 657 1222; x_wconf 48' lang='lat' dir='ltr'><strong>„coelestes</strong></span> <span class='ocrx_word' id='word_1_37' title='bbox 679 1146 831 1221; x_wconf 82' lang='lat' dir='ltr'><strong>virtutes</strong></span> <span class='ocrx_word' id='word_1_38' title='bbox 856 1146 993 1241; x_wconf 83' lang='lat' dir='ltr'><strong>cogita·</strong></span> <span class='ocrx_word' id='word_1_39' title='bbox 1044 1230 1048 1237; x_wconf 26' lang='grc' dir='ltr'>Ι</span> 
     </span>
    </p>

    <p class='ocr_par' dir='ltr' id='par_1_4' title="bbox 51 1242 994 2229">
     <span class='ocr_line' id='line_1_7' title="bbox 51 1242 993 1342; baseline 0.002 -27"><span class='ocrx_word' id='word_1_40' title='bbox 51 1246 54 1315; x_wconf 72' lang='lat' dir='ltr'><strong>i</strong></span> <span class='ocrx_word' id='word_1_41' title='bbox 91 1244 189 1333; x_wconf 60' lang='lat' dir='ltr'><strong>„rin</strong></span> <span class='ocrx_word' id='word_1_42' title='bbox 224 1261 334 1340; x_wconf 87' lang='lat' dir='ltr'><strong>atque</strong></span> <span class='ocrx_word' id='word_1_43' title='bbox 358 1244 421 1320; x_wconf 89' lang='lat' dir='ltr'><strong>illa</strong></span> <span class='ocrx_word' id='word_1_44' title='bbox 449 1246 622 1339; x_wconf 83' lang='lat' dir='ltr'><strong>cogitatio</strong></span> <span class='ocrx_word' id='word_1_45' title='bbox 649 1269 740 1342; x_wconf 87' lang='lat' dir='ltr'><strong>opus</strong></span> <span class='ocrx_word' id='word_1_46' title='bbox 769 1244 859 1327; x_wconf 86' lang='lat' dir='ltr'><strong>fuit,</strong></span> <span class='ocrx_word' id='word_1_47' title='bbox 896 1242 993 1341; x_wconf 87' lang='lat' dir='ltr'><strong>quod</strong></span> 
     </span>
     <span class='ocr_line' id='line_1_8' title="bbox 91 1341 993 1443; baseline -0.002 -26"><span class='ocrx_word' id='word_1_48' title='bbox 91 1342 239 1437; x_wconf 81' lang='lat' dir='ltr'><strong>„Verbq</strong></span> <span class='ocrx_word' id='word_1_49' title='bbox 261 1342 516 1423; x_wconf 83' lang='lat' dir='ltr'><strong>conficiebatur</strong></span> <span class='ocrx_word' id='word_1_50' title='bbox 541 1368 584 1419; x_wconf 86' lang='lat' dir='ltr'><strong>ac</strong></span> <span class='ocrx_word' id='word_1_51' title='bbox 615 1344 737 1443; x_wconf 84' lang='lat' dir='ltr'><strong>spiritu</strong></span> <span class='ocrx_word' id='word_1_52' title='bbox 761 1341 993 1439; x_wconf 81' lang='lat' dir='ltr'>explebatur,</span> 
     </span>
     <span class='ocr_line' id='line_1_9' title="bbox 90 1438 992 1543; baseline 0 -26"><span class='ocrx_word' id='word_1_53' title='bbox 90 1438 151 1533; x_wconf 85' lang='lat' dir='ltr'><strong>„dr</strong></span> <span class='ocrx_word' id='word_1_54' title='bbox 173 1440 395 1518; x_wconf 74' lang='lat' dir='ltr'><strong>inteliestilir</strong></span> <span class='ocrx_word' id='word_1_55' title='bbox 421 1444 579 1519; x_wconf 83' lang='lat' dir='ltr'><strong>mundus</strong></span> <span class='ocrx_word' id='word_1_56' title='bbox 606 1448 652 1519; x_wconf 86' lang='lat' dir='ltr'><strong>ab</strong></span> <span class='ocrx_word' id='word_1_57' title='bbox 682 1466 727 1519; x_wconf 89' lang='lat' dir='ltr'><strong>en</strong></span> <span class='ocrx_word' id='word_1_58' title='bbox 759 1456 901 1543; x_wconf 67' lang='lat' dir='ltr'><strong>craatns</strong></span> <span class='ocrx_word' id='word_1_59' title='bbox 931 1439 992 1517; x_wconf 88' lang='lat' dir='ltr'><strong>est.</strong></span> 
     </span>
     <span class='ocr_line' id='line_1_10' title="bbox 87 1538 993 1635; baseline -0.004 -18"><span class='ocrx_word' id='word_1_60' title='bbox 87 1538 193 1635; x_wconf 75' lang='lat' dir='ltr'><strong>„Post</strong></span> <span class='ocrx_word' id='word_1_61' title='bbox 218 1540 309 1635; x_wconf 60' lang='lat' dir='ltr'><strong>,hac</strong></span> <span class='ocrx_word' id='word_1_62' title='bbox 335 1538 489 1619; x_wconf 80' lang='lat' dir='ltr'><strong>alterum</strong></span> <span class='ocrx_word' id='word_1_63' title='bbox 521 1543 696 1620; x_wconf 88' lang='lat' dir='ltr'><strong>mundum</strong></span> <span class='ocrx_word' id='word_1_64' title='bbox 724 1542 875 1617; x_wconf 83' lang='lat' dir='ltr'><strong>materia</strong></span> <span class='ocrx_word' id='word_1_65' title='bbox 906 1564 993 1615; x_wconf 89' lang='lat' dir='ltr'><strong>con·</strong></span> 
     </span>
     <span class='ocr_line' id='line_1_11' title="bbox 89 1636 993 1737; baseline -0.003 -20"><span class='ocrx_word' id='word_1_66' title='bbox 89 1638 266 1731; x_wconf 63' lang='lat' dir='ltr'><strong>‚mntem</strong></span> <span class='ocrx_word' id='word_1_67' title='bbox 283 1636 320 1715; x_wconf 82' lang='lat' dir='ltr'><strong>dr</strong></span> <span class='ocrx_word' id='word_1_68' title='bbox 336 1638 582 1737; x_wconf 75' lang='lat' dir='ltr'><strong>aipestabilem</strong></span> <span class='ocrx_word' id='word_1_69' title='bbox 599 1641 791 1737; x_wconf 81' lang='lat' dir='ltr'><strong>cogitavit3</strong></span> <span class='ocrx_word' id='word_1_70' title='bbox 825 1640 920 1719; x_wconf 85' lang='lat' dir='ltr'><strong>hanc</strong></span> <span class='ocrx_word' id='word_1_71' title='bbox 938 1640 993 1714; x_wconf 90' lang='lat' dir='ltr'><strong>ni-</strong></span> 
     </span>
     <span class='ocr_line' id='line_1_12' title="bbox 89 1738 992 1836; baseline -0.003 -22"><span class='ocrx_word' id='word_1_72' title='bbox 89 1738 245 1829; x_wconf 83' lang='lat' dir='ltr'><strong>„mirnm</strong></span> <span class='ocrx_word' id='word_1_73' title='bbox 260 1763 307 1814; x_wconf 87' lang='lat' dir='ltr'><strong>ex</strong></span> <span class='ocrx_word' id='word_1_74' title='bbox 322 1738 468 1816; x_wconf 84' lang='lat' dir='ltr'><strong>coeln&amp;</strong></span> <span class='ocrx_word' id='word_1_75' title='bbox 487 1752 601 1827; x_wconf 85' lang='lat' dir='ltr'><strong>terra,</strong></span> <span class='ocrx_word' id='word_1_76' title='bbox 625 1740 663 1817; x_wconf 84' lang='lat' dir='ltr'><strong>dr</strong></span> <span class='ocrx_word' id='word_1_77' title='bbox 679 1740 807 1827; x_wconf 84' lang='lat' dir='ltr'><strong>rebus,</strong></span> <span class='ocrx_word' id='word_1_78' title='bbox 831 1759 913 1836; x_wconf 85' lang='lat' dir='ltr'><strong>qnae</strong></span> <span class='ocrx_word' id='word_1_79' title='bbox 930 1761 992 1812; x_wconf 89' lang='lat' dir='ltr'><strong>eo-</strong></span> 
     </span>
     <span class='ocr_line' id='line_1_13' title="bbox 89 1838 993 1935; baseline -0.003 -22"><span class='ocrx_word' id='word_1_80' title='bbox 89 1858 194 1928; x_wconf 87' lang='lat' dir='ltr'><strong>„tnm</strong></span> <span class='ocrx_word' id='word_1_81' title='bbox 231 1839 425 1935; x_wconf 83' lang='lat' dir='ltr'><strong>complexu</strong></span> <span class='ocrx_word' id='word_1_82' title='bbox 452 1838 681 1917; x_wconf 88' lang='lat' dir='ltr'><strong>continentur</strong></span> <span class='ocrx_word' id='word_1_83' title='bbox 708 1838 993 1935; x_wconf 83' lang='lat' dir='ltr'><strong>coagmentatio·</strong></span> 
     </span>
     <span class='ocr_line' id='line_1_14' title="bbox 90 1936 994 2025; baseline 0 -14"><span class='ocrx_word' id='word_1_84' title='bbox 90 1960 207 2025; x_wconf 82' lang='lat' dir='ltr'><strong>„nem</strong></span> <span class='ocrx_word' id='word_1_85' title='bbox 271 1938 320 2013; x_wconf 92' lang='lat' dir='ltr'><strong>Vt</strong></span> <span class='ocrx_word' id='word_1_86' title='bbox 350 1959 437 2012; x_wconf 81' lang='lat' dir='ltr'><strong>vern</strong></span> <span class='ocrx_word' id='word_1_87' title='bbox 461 1962 588 2014; x_wconf 87' lang='lat' dir='ltr'><strong>omnes</strong></span> <span class='ocrx_word' id='word_1_88' title='bbox 613 1939 785 2015; x_wconf 87' lang='lat' dir='ltr'><strong>bonitatis</strong></span> <span class='ocrx_word' id='word_1_89' title='bbox 809 1937 881 2013; x_wconf 81' lang='lat' dir='ltr'><strong>snae</strong></span> <span class='ocrx_word' id='word_1_90' title='bbox 902 1936 994 2012; x_wconf 83' lang='lat' dir='ltr'><strong>divi·</strong></span> 
     </span>
     <span class='ocr_line' id='line_1_15' title="bbox 90 2034 994 2124; baseline -0.002 -13"><span class='ocrx_word' id='word_1_91' title='bbox 90 2036 171 2124; x_wconf 69' lang='lat' dir='ltr'><strong>..tia</strong></span> <span class='ocrx_word' id='word_1_92' title='bbox 186 2048 287 2111; x_wconf 82' lang='lat' dir='ltr'><strong>notae</strong></span> <span class='ocrx_word' id='word_1_93' title='bbox 305 2034 428 2123; x_wconf 79' lang='lat' dir='ltr'><strong>client,</strong></span> <span class='ocrx_word' id='word_1_94' title='bbox 449 2036 487 2113; x_wconf 80' lang='lat' dir='ltr'><strong>dt</strong></span> <span class='ocrx_word' id='word_1_95' title='bbox 505 2037 575 2112; x_wconf 89' lang='lat' dir='ltr'><strong>hoc</strong></span> <span class='ocrx_word' id='word_1_96' title='bbox 596 2037 778 2113; x_wconf 83' lang='lat' dir='ltr'><strong>ostendere</strong></span> <span class='ocrx_word' id='word_1_97' title='bbox 794 2035 915 2113; x_wconf 86' lang='lat' dir='ltr'><strong>Verbo</strong></span> <span class='ocrx_word' id='word_1_98' title='bbox 935 2056 994 2109; x_wconf 87' lang='lat' dir='ltr'><strong>ar·</strong></span> 
     </span>
     <span class='ocr_line' id='line_1_16' title="bbox 91 2134 993 2229; baseline -0.001 -20"><span class='ocrx_word' id='word_1_99' title='bbox 91 2134 198 2221; x_wconf 82' lang='lat' dir='ltr'><strong>„tifici</strong></span> <span class='ocrx_word' id='word_1_100' title='bbox 226 2134 428 2229; x_wconf 71' lang='lat' dir='ltr'><strong>placuisset,</strong></span> <span class='ocrx_word' id='word_1_101' title='bbox 470 2136 606 2213; x_wconf 87' lang='lat' dir='ltr'><strong>animal</strong></span> <span class='ocrx_word' id='word_1_102' title='bbox 631 2160 743 2211; x_wconf 88' lang='lat' dir='ltr'><strong>unum</strong></span> <span class='ocrx_word' id='word_1_103' title='bbox 771 2160 818 2209; x_wconf 83' lang='lat' dir='ltr'><strong>ex</strong></span> <span class='ocrx_word' id='word_1_104' title='bbox 840 2147 993 2227; x_wconf 86' lang='lat' dir='ltr'><strong>utroque</strong></span> 
     </span>
    </p>

    <p class='ocr_par' dir='ltr' id='par_1_5' title="bbox 51 2232 993 2321">
     <span class='ocr_line' id='line_1_17' title="bbox 51 2232 993 2321; baseline -0.004 -12"><span class='ocrx_word' id='word_1_105' title='bbox 51 2282 55 2291; x_wconf 92' lang='lat'><em>·</em></span> <span class='ocrx_word' id='word_1_106' title='bbox 95 2232 179 2319; x_wconf 78' lang='lat' dir='ltr'><strong>„hoc</strong></span> <span class='ocrx_word' id='word_1_107' title='bbox 202 2234 274 2315; x_wconf 83' lang='lat' dir='ltr'><strong>est.</strong></span> <span class='ocrx_word' id='word_1_108' title='bbox 298 2259 344 2308; x_wconf 83' lang='lat' dir='ltr'><strong>ex</strong></span> <span class='ocrx_word' id='word_1_109' title='bbox 368 2234 531 2311; x_wconf 75' lang='lat' dir='ltr'><strong>invisibili</strong></span> <span class='ocrx_word' id='word_1_110' title='bbox 549 2237 587 2313; x_wconf 69' lang='grc' dir='ltr'>ἀ</span> <span class='ocrx_word' id='word_1_111' title='bbox 603 2236 728 2313; x_wconf 83' lang='lat' dir='ltr'><strong>vifibili</strong></span> <span class='ocrx_word' id='word_1_112' title='bbox 751 2246 901 2321; x_wconf 84' lang='lat' dir='ltr'><strong>natura,</strong></span> <span class='ocrx_word' id='word_1_113' title='bbox 927 2232 993 2305; x_wconf 84' lang='lat' dir='ltr'><strong>hn-</strong></span> 
     </span>
    </p>
   </div>
   <div class='ocr_carea' id='block_1_3' title="bbox 51 2332 993 2919">
    <p class='ocr_par' dir='ltr' id='par_1_6' title="bbox 51 2332 993 2919">
     <span class='ocr_line' id='line_1_18' title="bbox 51 2332 991 2431; baseline 0.006 -30"><span class='ocrx_word' id='word_1_114' title='bbox 51 2376 53 2401; x_wconf 84' lang='grc'>.</span> <span class='ocrx_word' id='word_1_115' title='bbox 94 2334 228 2419; x_wconf 86' lang='lat' dir='ltr'><strong>,.nine.</strong></span> <span class='ocrx_word' id='word_1_116' title='bbox 256 2333 470 2421; x_wconf 83' lang='lat' dir='ltr'><strong>fabricatur.</strong></span> <span class='ocrx_word' id='word_1_117' title='bbox 494 2332 531 2411; x_wconf 82' lang='lat' dir='ltr'><strong>dr</strong></span> <span class='ocrx_word' id='word_1_118' title='bbox 555 2336 767 2421; x_wconf 82' lang='lat' dir='ltr'><strong>amateria,</strong></span> <span class='ocrx_word' id='word_1_119' title='bbox 794 2355 875 2431; x_wconf 85' lang='lat' dir='ltr'><strong>quae</strong></span> <span class='ocrx_word' id='word_1_120' title='bbox 893 2332 991 2426; x_wconf 83' lang='lat' dir='ltr'><strong>prins</strong></span> 
     </span>
     <span class='ocr_line' id='line_1_19' title="bbox 91 2429 991 2533; baseline -0.001 -28"><span class='ocrx_word' id='word_1_121' title='bbox 91 2429 180 2527; x_wconf 85' lang='lat' dir='ltr'><strong>„jam</strong></span> <span class='ocrx_word' id='word_1_122' title='bbox 200 2446 321 2506; x_wconf 85' lang='lat' dir='ltr'><strong>creata</strong></span> <span class='ocrx_word' id='word_1_123' title='bbox 338 2444 437 2520; x_wconf 83' lang='lat' dir='ltr'><strong>erat,</strong></span> <span class='ocrx_word' id='word_1_124' title='bbox 462 2457 591 2531; x_wconf 84' lang='lat' dir='ltr'><strong>corpus</strong></span> <span class='ocrx_word' id='word_1_125' title='bbox 607 2436 806 2533; x_wconf 81' lang='lat' dir='ltr'><strong>accipiens,</strong></span> <span class='ocrx_word' id='word_1_126' title='bbox 829 2455 851 2505; x_wconf 87' lang='lat' dir='ltr'><strong>a</strong></span> <span class='ocrx_word' id='word_1_127' title='bbox 872 2430 905 2505; x_wconf 87' lang='lat' dir='ltr'><strong>se</strong></span> <span class='ocrx_word' id='word_1_128' title='bbox 926 2453 991 2505; x_wconf 85' lang='lat' dir='ltr'><strong>an-</strong></span> 
     </span>
     <span class='ocr_line' id='line_1_20' title="bbox 88 2530 990 2627; baseline -0.001 -22"><span class='ocrx_word' id='word_1_129' title='bbox 88 2546 182 2620; x_wconf 81' lang='lat' dir='ltr'><strong>„tem</strong></span> <span class='ocrx_word' id='word_1_130' title='bbox 206 2530 421 2627; x_wconf 81' lang='lat' dir='ltr'>spiraculum</span> <span class='ocrx_word' id='word_1_131' title='bbox 437 2532 497 2608; x_wconf 89' lang='lat' dir='ltr'><strong>seu</strong></span> <span class='ocrx_word' id='word_1_132' title='bbox 517 2534 676 2609; x_wconf 84' lang='lat' dir='ltr'><strong>animam</strong></span> <span class='ocrx_word' id='word_1_133' title='bbox 699 2530 990 2619; x_wconf 73' lang='lat' dir='ltr'><strong>intellettnalem,</strong></span> 
     </span>
     <span class='ocr_line' id='line_1_21' title="bbox 87 2628 993 2726; baseline 0.004 -23"><span class='ocrx_word' id='word_1_134' title='bbox 87 2628 247 2726; x_wconf 83' lang='lat' dir='ltr'><strong>„Deique</strong></span> <span class='ocrx_word' id='word_1_135' title='bbox 274 2632 470 2726; x_wconf 84' lang='lat' dir='ltr'><strong>imaginem</strong></span> <span class='ocrx_word' id='word_1_136' title='bbox 498 2632 679 2721; x_wconf 82' lang='lat' dir='ltr'><strong>inserens,</strong></span> <span class='ocrx_word' id='word_1_137' title='bbox 712 2630 814 2707; x_wconf 84' lang='lat' dir='ltr'><strong>velut</strong></span> <span class='ocrx_word' id='word_1_138' title='bbox 838 2631 993 2707; x_wconf 87' lang='lat' dir='ltr'><strong>aiterum</strong></span> 
     </span>
     <span class='ocr_line' id='line_1_22' title="bbox 89 2730 992 2835; baseline 0.001 -24"><span class='ocrx_word' id='word_1_139' title='bbox 89 2730 304 2825; x_wconf 76' lang='lat' dir='ltr'><strong>„quemdam</strong></span> <span class='ocrx_word' id='word_1_140' title='bbox 333 2730 510 2813; x_wconf 86' lang='lat' dir='ltr'><strong>mnndum</strong></span> <span class='ocrx_word' id='word_1_141' title='bbox 541 2732 579 2811; x_wconf 91' lang='lat' dir='ltr'><strong>in</strong></span> <span class='ocrx_word' id='word_1_142' title='bbox 610 2754 722 2835; x_wconf 80' lang='lat' dir='ltr'><strong>parvo</strong></span> <span class='ocrx_word' id='word_1_143' title='bbox 730 2734 928 2829; x_wconf 69' lang='lat' dir='ltr'><strong>magnum</strong></span> <span class='ocrx_word' id='word_1_144' title='bbox 942 2730 992 2812; x_wconf 82' lang='lat' dir='ltr'><strong>in</strong></span> 
     </span>
     <span class='ocr_line' id='line_1_23' title="bbox 88 2828 399 2919; baseline 0.016 -16"><span class='ocrx_word' id='word_1_145' title='bbox 88 2840 205 2919; x_wconf 69' lang='lat' dir='ltr'><strong>‚terra</strong></span> <span class='ocrx_word' id='word_1_146' title='bbox 230 2828 399 2909; x_wconf 85' lang='lat' dir='ltr'><strong>collocat.</strong></span> 
     </span>
    </p>
   </div>
   <div class='ocr_carea' id='block_1_4' title="bbox 88 3024 1116 4206">
    <p class='ocr_par' dir='ltr' id='par_1_7' title="bbox 88 3024 1116 4206">
     <span class='ocr_line' id='line_1_24' title="bbox 88 3024 1116 3223; baseline -0.006 -22"><span class='ocrx_word' id='word_1_147' title='bbox 88 3024 1116 3223; x_wconf 46' lang='lat' dir='ltr'><strong>‚,madridiiaittdffittdtttttgdtir</strong></span> 
     </span>
     <span class='ocr_line' id='line_1_25' title="bbox 89 3224 989 3322; baseline -0.002 -23"><span class='ocrx_word' id='word_1_148' title='bbox 89 3225 223 3313; x_wconf 83' lang='lat' dir='ltr'><strong>„menti</strong></span> <span class='ocrx_word' id='word_1_149' title='bbox 240 3239 446 3319; x_wconf 84' lang='lat' dir='ltr'><strong>expertem,</strong></span> <span class='ocrx_word' id='word_1_150' title='bbox 473 3248 516 3299; x_wconf 83' lang='lat' dir='ltr'><strong>ac</strong></span> <span class='ocrx_word' id='word_1_151' title='bbox 535 3226 653 3322; x_wconf 79' lang='lat' dir='ltr'><strong>legem</strong></span> <span class='ocrx_word' id='word_1_152' title='bbox 678 3224 775 3322; x_wconf 88' lang='lat' dir='ltr'><strong>qnaii</strong></span> <span class='ocrx_word' id='word_1_153' title='bbox 799 3225 989 3299; x_wconf 81' lang='lat' dir='ltr'><strong>materiam</strong></span> 
     </span>
     <span class='ocr_line' id='line_1_26' title="bbox 90 3321 991 3411; baseline -0.002 -12"><span class='ocrx_word' id='word_1_154' title='bbox 90 3326 222 3411; x_wconf 81' lang='lat' dir='ltr'><strong>„libero</strong></span> <span class='ocrx_word' id='word_1_155' title='bbox 254 3324 402 3399; x_wconf 90' lang='lat' dir='ltr'><strong>arbitrio</strong></span> <span class='ocrx_word' id='word_1_156' title='bbox 434 3324 593 3402; x_wconf 85' lang='lat' dir='ltr'><strong>tradidit.</strong></span> <span class='ocrx_word' id='word_1_157' title='bbox 669 3325 749 3405; x_wconf 83' lang='lat' dir='ltr'><strong>Lex</strong></span> <span class='ocrx_word' id='word_1_158' title='bbox 775 3335 898 3401; x_wconf 85' lang='lat' dir='ltr'><strong>autem</strong></span> <span class='ocrx_word' id='word_1_159' title='bbox 926 3321 991 3397; x_wconf 87' lang='lat' dir='ltr'><strong>ilia</strong></span> 
     </span>
     <span class='ocr_line' id='line_1_27' title="bbox 90 3422 991 3521; baseline 0.002 -24"><span class='ocrx_word' id='word_1_160' title='bbox 90 3437 331 3521; x_wconf 82' lang='lat' dir='ltr'><strong>„praeceptum</strong></span> <span class='ocrx_word' id='word_1_161' title='bbox 360 3435 462 3507; x_wconf 82' lang='lat' dir='ltr'><strong>erat,</strong></span> <span class='ocrx_word' id='word_1_162' title='bbox 509 3446 582 3519; x_wconf 92' lang='lat' dir='ltr'><strong>quo</strong></span> <span class='ocrx_word' id='word_1_163' title='bbox 614 3422 928 3521; x_wconf 60' lang='lat' dir='ltr'><strong>praescribebant,</strong></span> <span class='ocrx_word' id='word_1_164' title='bbox 969 3444 991 3499; x_wconf 83' lang='lat' dir='ltr'><strong>a</strong></span> 
     </span>
     <span class='ocr_line' id='line_1_28' title="bbox 88 3518 990 3620; baseline -0.007 -21"><span class='ocrx_word' id='word_1_165' title='bbox 88 3546 179 3620; x_wconf 83' lang='lat' dir='ltr'><strong>„qua</strong></span> <span class='ocrx_word' id='word_1_166' title='bbox 197 3524 329 3596; x_wconf 80' lang='lat' dir='ltr'><strong>arbore</strong></span> <span class='ocrx_word' id='word_1_167' title='bbox 346 3545 475 3598; x_wconf 89' lang='lat' dir='ltr'><strong>manns</strong></span> <span class='ocrx_word' id='word_1_168' title='bbox 497 3522 713 3599; x_wconf 79' lang='lat' dir='ltr'><strong>abstinendae</strong></span> <span class='ocrx_word' id='word_1_169' title='bbox 730 3522 849 3605; x_wconf 75' lang='lat' dir='ltr'><strong>edent.</strong></span> <span class='ocrx_word' id='word_1_170' title='bbox 894 3518 990 3595; x_wconf 81' lang='lat' dir='ltr'><strong>Pon-</strong></span> 
     </span>
     <span class='ocr_line' id='line_1_29' title="bbox 90 3618 993 3719; baseline -0.007 -21"><span class='ocrx_word' id='word_1_171' title='bbox 90 3644 216 3719; x_wconf 74' lang='lat' dir='ltr'><strong>..qnarn</strong></span> <span class='ocrx_word' id='word_1_172' title='bbox 245 3635 369 3697; x_wconf 88' lang='lat' dir='ltr'><strong>autem</strong></span> <span class='ocrx_word' id='word_1_173' title='bbox 396 3621 531 3696; x_wconf 89' lang='lat' dir='ltr'><strong>diaboli</strong></span> <span class='ocrx_word' id='word_1_174' title='bbox 561 3622 723 3705; x_wconf 69' lang='lat' dir='ltr'><strong>invidia.</strong></span> <span class='ocrx_word' id='word_1_175' title='bbox 765 3619 801 3697; x_wconf 85' lang='lat' dir='ltr'><strong>dr</strong></span> <span class='ocrx_word' id='word_1_176' title='bbox 830 3618 993 3697; x_wconf 84' lang='lat' dir='ltr'><strong>mulieris</strong></span> 
     </span>
     <span class='ocr_line' id='line_1_30' title="bbox 91 3718 1062 3819; baseline -0.001 -24"><span class='ocrx_word' id='word_1_177' title='bbox 91 3720 334 3819; x_wconf 82' lang='lat' dir='ltr'><strong>„impreffione</strong></span> <span class='ocrx_word' id='word_1_178' title='bbox 353 3718 472 3795; x_wconf 86' lang='lat' dir='ltr'><strong>Adam</strong></span> <span class='ocrx_word' id='word_1_179' title='bbox 490 3720 599 3797; x_wconf 86' lang='lat' dir='ltr'><strong>etiam</strong></span> <span class='ocrx_word' id='word_1_180' title='bbox 615 3723 659 3797; x_wconf 91' lang='lat' dir='ltr'><strong>ab</strong></span> <span class='ocrx_word' id='word_1_181' title='bbox 677 3722 804 3800; x_wconf 82' lang='lat' dir='ltr'><strong>acerba</strong></span> <span class='ocrx_word' id='word_1_182' title='bbox 822 3718 900 3794; x_wconf 84' lang='lat' dir='ltr'><strong>esca</strong></span> <span class='ocrx_word' id='word_1_183' title='bbox 920 3719 994 3794; x_wconf 86' lang='lat' dir='ltr'><strong>vic·</strong></span> <span class='ocrx_word' id='word_1_184' title='bbox 1059 3806 1062 3811; x_wconf 23' lang='lat'>¹</span> 
     </span>
     <span class='ocr_line' id='line_1_31' title="bbox 91 3818 995 3914; baseline -0.004 -19"><span class='ocrx_word' id='word_1_185' title='bbox 91 3835 167 3911; x_wconf 85' lang='lat' dir='ltr'><strong>„tus</strong></span> <span class='ocrx_word' id='word_1_186' title='bbox 190 3820 263 3901; x_wconf 82' lang='lat' dir='ltr'><strong>est.</strong></span> <span class='ocrx_word' id='word_1_187' title='bbox 301 3833 379 3894; x_wconf 89' lang='lat' dir='ltr'><strong>tum</strong></span> <span class='ocrx_word' id='word_1_188' title='bbox 416 3842 502 3894; x_wconf 86' lang='lat' dir='ltr'><strong>vern</strong></span> <span class='ocrx_word' id='word_1_189' title='bbox 525 3818 626 3895; x_wconf 87' lang='lat' dir='ltr'><strong>srmni</strong></span> <span class='ocrx_word' id='word_1_190' title='bbox 656 3820 693 3896; x_wconf 80' lang='lat' dir='ltr'><strong>dr</strong></span> <span class='ocrx_word' id='word_1_191' title='bbox 718 3843 739 3895; x_wconf 92' lang='lat' dir='ltr'><strong>a</strong></span> <span class='ocrx_word' id='word_1_192' title='bbox 760 3820 859 3914; x_wconf 87' lang='lat' dir='ltr'><strong>ligno</strong></span> <span class='ocrx_word' id='word_1_193' title='bbox 890 3818 995 3907; x_wconf 78' lang='lat' dir='ltr'><strong>vitae,</strong></span> 
     </span>
     <span class='ocr_line' id='line_1_32' title="bbox 91 3914 995 4017; baseline -0.007 -22"><span class='ocrx_word' id='word_1_194' title='bbox 91 3920 145 4007; x_wconf 82' lang='lat' dir='ltr'><strong>„dr</strong></span> <span class='ocrx_word' id='word_1_195' title='bbox 170 3946 190 3993; x_wconf 89' lang='lat' dir='ltr'><strong>a</strong></span> <span class='ocrx_word' id='word_1_196' title='bbox 212 3918 399 4016; x_wconf 87' lang='lat' dir='ltr'><strong>paradiso,</strong></span> <span class='ocrx_word' id='word_1_197' title='bbox 430 3914 469 3992; x_wconf 80' lang='lat' dir='ltr'><strong>dr</strong></span> <span class='ocrx_word' id='word_1_198' title='bbox 492 3918 630 4017; x_wconf 85' lang='lat' dir='ltr'><strong>abipso</strong></span> <span class='ocrx_word' id='word_1_199' title='bbox 656 3920 734 3993; x_wconf 88' lang='lat' dir='ltr'><strong>Deo</strong></span> <span class='ocrx_word' id='word_1_200' title='bbox 756 3930 898 4016; x_wconf 87' lang='lat' dir='ltr'><strong>propter</strong></span> <span class='ocrx_word' id='word_1_201' title='bbox 914 3939 995 4011; x_wconf 88' lang='lat' dir='ltr'><strong>pec·</strong></span> 
     </span>
     <span class='ocr_line' id='line_1_33' title="bbox 92 4016 997 4130; baseline -0.008 -35"><span class='ocrx_word' id='word_1_202' title='bbox 92 4042 231 4109; x_wconf 78' lang='lat' dir='ltr'><strong>„earum</strong></span> <span class='ocrx_word' id='word_1_203' title='bbox 248 4016 422 4119; x_wconf 75' lang='lat' dir='ltr'>expulsus</span> <span class='ocrx_word' id='word_1_204' title='bbox 436 4032 593 4097; x_wconf 90' lang='lat' dir='ltr'><strong>mortem</strong></span> <span class='ocrx_word' id='word_1_205' title='bbox 608 4018 791 4098; x_wconf 77' lang='lat' dir='ltr'><strong>eluctatus</strong></span> <span class='ocrx_word' id='word_1_206' title='bbox 811 4016 870 4093; x_wconf 86' lang='lat' dir='ltr'><strong>est.</strong></span> <span class='ocrx_word' id='word_1_207' title='bbox 902 4016 997 4130; x_wconf 68' lang='lat' dir='ltr'><strong>Mni-</strong></span> 
     </span>
     <span class='ocr_line' id='line_1_34' title="bbox 923 4126 997 4206; baseline -0.027 0"><span class='ocrx_word' id='word_1_208' title='bbox 923 4126 997 4206; x_wconf 64' lang='lat' dir='ltr'><strong>”iffi</strong></span> 
     </span>
    </p>
   </div>
   <div class='ocr_carea' id='block_1_5' title="bbox 0 0 1226 4732">
    <p class='ocr_par' dir='ltr' id='par_1_8' title="bbox 0 0 1226 4732">
     <span class='ocr_line' id='line_1_35' title="bbox 0 0 1226 4732; baseline 0 0"><span class='ocrx_word' id='word_1_209' title='bbox 0 0 1226 4732; x_wconf 95' lang='lat' dir='ltr'><strong> </strong></span> 
     </span>
    </p>
   </div>
  </div>
 </body>
</html>
