2424 4732
156 573 161 576 ’
254 605 342 705 482
427 587 472 680 S.
509 585 697 701 Gregorii
727 583 997 685 Nazianzmi
1063 540 1066 545 Ι

79 812 83 825 ·
114 836 120 847 -
257 790 391 885 „Quod
408 785 516 883 inliar
537 799 662 867 antem
682 784 733 867 cst
748 785 936 904 omniurn,
957 797 1072 888 utque
1087 796 1158 864 rute

188 942 190 947 -
412 948 416 957 ,
722 908 857 964 omnia.

257 978 418 1082 „Cursus
449 985 623 1063 secundos
648 1008 696 1061 ne
721 985 831 1061 nimis
857 982 946 1063 vita
972 980 1119 1079 efferar,

261 1090 359 1180 „Qui
383 1089 502 1183 sapere
528 1085 618 1161 nosti
645 1107 704 1160 res
730 1086 832 1181 snpra
858 1106 952 1183 quas
978 1088 1156 1160 cernimur.

83 1216 224 1303 Aawsa
260 1189 455 1278 „Boumne
470 1188 587 1263 cernis
599 1185 754 1261 alterum
768 1183 806 1260 dt
817 1185 936 1260 carnin
952 1184 1156 1281 pinguedine

73 1305 214 1391 penades
261 1288 453 1377 „Nitidum
467 1310 513 1361 ac
524 1283 697 1372 ferocem,
715 1305 867 1382 pronum
882 1282 987 1363 humi
1004 1284 1157 1370 alternu.

82 1410 202 1473 rroeno-
262 1389 472 1475 ‚‚Curvum‚
508 1383 718 1459 indecorum
742 1385 836 1459 ruris
861 1386 910 1460 nb
932 1383 1027 1462 culti
1049 1395 1156 1460 nonu:

43 1554 50 1573 .
83 1473 194 1540 ’Μ’
262 1489 451 1578 „Quorum
466 1480 528 1560 ille
543 1484 685 1560 dandur
701 1481 776 1582 poll
791 1482 892 1571 breui
907 1497 1008 1561 certe
1025 1482 1122 1571 neci,

263 1588 464 1677 „Servetur
486 1594 525 1659 at
552 1584 613 1660 hic
642 1581 749 1757 sequ?
780 1582 878 1672 alat,
920 1576 1156 1663 dominum&

742 1703 847 1759 unm..

71 1812 74 1819 ·
156 1820 159 1825 ·
232 1776 433 1874 '·„Horum
456 1771 601 1858 videtur
622 1779 703 1878 quir
730 1782 796 1857 tibi
819 1772 989 1857 felicior?

264 1881 421 1974 „Nonne
440 1880 714 1957 macilentus&
733 1883 833 1976 gravi
854 1879 990 1981 preffus
1011 1868 1123 1976 jugo?

265 1981 422 2073 „Multis
442 2002 606 2055 amarum
627 1980 798 2076 poculum
820 1979 916 2055 bono
939 1977 1033 2064 fuit,

264 2079 455 2174 ,.Periaepe
479 2091 607 2153 contra
630 2080 737 2155 dulce
762 2079 958 2175 perniciem
983 2076 1090 2174 pcrlt.

169 2210 174 2219 ·
268 2181 432 2271 „Annon
458 2191 645 2273 paternam
672 2181 808 2274 virgum
827 2177 924 2254 filius
943 2173 1061 2250 colit‘l

129 2285 131 2295 '
267 2278 392 2371 „Quid
416 2299 480 2371 pro
501 2300 632 2352 corona
656 2278 723 2376 Job
745 2280 844 2353 velut
864 2278 889 2353 fi
911 2270 1093 2351 dimicas?

265 2379 364 2468 „Qui
382 2376 627 2452 blandientem
645 2373 788 2452 ledulus
810 2378 1006 2453 Dominum
1022 2368 1126 2461 colit,

264 2476 503 2571 „Malninque
522 2477 662 2564 censet,
689 2502 772 2553 cum
792 2474 896 2567 serit,
923 2476 1066 2551 servum
1083 2473 1162 2548 hunc

259 2642 264 2651 .
727 2577 865 2651 inuium

171 2742 174 2747 .
263 2667 395 2762 „Dice
432 2666 548 2746 Decet
567 2695 651 2749 narn
670 2695 742 2769 quo
760 2678 874 2750 trahit
893 2667 1042 2759 clavus.
1065 2662 1164 2767 sequi.

266 2773 374 2861 „Quo
391 2794 451 2845 me
469 2794 515 2845 ex
538 2773 701 2866 palaestra
723 2774 922 2850 turbine&
947 2774 1043 2848 saevo
1067 2770 1164 2865 regit¹

264 2870 420 2960 „Donec
444 2872 610 2966 procellis
629 2873 782 2949 liberum
806 2876 842 2947 in
865 2888 1007 2968 portum
1024 2872 1130 2947 ferar.

264 2968 459 3066 „Namque
484 2969 546 3044 ille
571 2973 731 3048 summus
759 2974 892 3048 artifex
917 2975 1045 3049 frustra
1069 2982 1164 3044 ratem

265 3068 406 3161 „Haud
438 3069 546 3160 iecit,
586 3072 636 3147 ast
669 3073 707 3147 in
739 3073 975 3148 commodum
1011 3062 1164 3146 fiuemd

738 3171 885 3250 bonum.

10 3386 15 3396 '
107 3424 111 3431 -
164 3424 200 3457 .·
266 3376 359 3447 Nota.
404 3376 574 3457 iambicum
592 3380 650 3447 Ill.
673 3386 711 3448 nd
734 3382 913 3458 Seleucum.
943 3385 1032 3470 quod
1052 3382 1104 3449 hic
1120 3372 1164 3447 Bi«

307 3467 368 3530 lius
389 3469 499 3541 refert,
530 3487 595 3529 nou
617 3467 661 3530 est
681 3469 710 3533 S.
730 3472 875 3555 Gregorii
894 3470 1110 3543 Nazianzeui‚
1133 3465 1164 3530 [cr

306 3550 338 3616 S.
355 3550 414 3614 Am
438 3551 563 3613 hilochii
576 3552 761 3629 iconiensis,
783 3559 831 3621 uti
855 3557 1036 3621 Gullrndius
1055 3552 1164 3620 tonui

308 3650 387 3705 nov.
406 3572 481 3704 lint.
502 3634 534 3702 P.
553 3635 586 3704 P.
612 3639 810 3707 demonstrat.
