2416 4748
303 538 307 547 ἲ
364 573 582 711 Orationes.
614 550 616 555 ⁵
838 597 923 692 741

68 770 191 851 iidem
213 770 325 849 libere
350 795 436 851 cum
459 772 690 849 Samaritano
716 770 927 853 miscentem
1040 784 1043 791 '

68 894 261 958 monem,
276 873 396 951 modo
414 873 660 949 chananeam
678 870 925 969 recipientem,

67 974 111 1046 io
130 974 220 1049 item
239 974 320 1047 loco
335 974 505 1068 sangnine
522 971 668 1047 fluentis
684 971 820 1047 furtum
835 992 925 1069 prce·

68 1084 244 1161 cantem,
275 1085 384 1169 atque
401 1073 461 1145 hic
481 1072 627 1168 quidem
654 1093 737 1146 cum
762 1072 924 1191 publicp·

68 1172 416 1254 manducantem,
435 1170 497 1246 hic
510 1170 769 1248 Pharisaeorum
785 1170 923 1245 adeun·
1040 1232 1043 1249 .

68 1288 112 1345 m
136 1272 288 1354 domos,
326 1268 374 1345 fic
397 1268 515 1344 secum
543 1270 736 1364 cogitavit:
780 1270 922 1346 cumis
998 1330 1006 1373 r

68 1369 251 1445 ¹eretrices
271 1369 309 1445 δι
330 1382 537 1471 peccatores
559 1370 842 1466 publicanosque
864 1389 923 1445 re·

68 1470 170 1562 piat.
204 1472 379 1567 quamdiu
412 1468 603 1563 impotenti
641 1468 755 1542 oestro
786 1468 924 1564 percita

68 1568 176 1642 ucari
195 1568 344 1663 pelagus
363 1566 519 1642 haurio?
555 1566 636 1640 Non
655 1579 779 1642 manet
792 1567 930 1664 Juven*

68 1684 117 1839 b
143 1668 828 1861 'lllllltltllfflfltitttiilt
845 1689 952 1840 ltu
987 1795 990 1800 -

68 1862 259 1939 ttultuum
282 1864 426 1961 species.
463 1864 575 1953 ¹Quid
600 1864 690 1939 mihi
716 1886 803 1958 ergo
826 1863 923 1941 aeci·

68 1974 101 2045 ut
117 1985 181 2063 pro
199 1962 276 2048 hio,
303 1984 384 2060 quae
402 1960 504 2037 fecit
537 1964 613 2057 jam
631 1964 726 2037 euim
744 1963 923 2058 gehenuae

68 2082 157 2159 poem
177 2064 325 2157 cogito,
347 2062 422 2159 jam
447 2064 642 2156 poenitudo
660 2062 822 2153 animum
841 2082 922 2137 cor·

69 2162 141 2257 pit,
174 2164 272 2256 quod
299 2161 334 2237 in
357 2162 546 2258 pernitiem
564 2159 833 2245 adolescentum
849 2160 930 2241 unz
1040 2212 1044 2217 ·

68 2259 517 2435 ittot't‘ttll‘llftl
535 2261 954 2454 millitia?

68 2479 196 2554 aguam
214 2471 336 2531 autem
353 2458 520 2552 lagenam
536 2457 736 2535 habuerim.
764 2456 935 2555 Oquam'

68 2557 174 2633 rultoc
192 2554 343 2663 demulsi
353 2554 507 2654 juvenes
530 2556 677 2653 plenum
697 2557 922 2651 impudentia

68 2676 316 2752 reumquaque
344 2654 488 2731 verlano
513 2654 689 2731 oculum?
740 2654 923 2754 splendide

68 2754 131 2829 ¹rim
154 2767 281 2829 ornata
308 2750 567 2853 inperniciem
589 2754 826 2851 speftatorum
849 2775 922 2851 qua

68 2852 182 2931 uuosre
200 2851 374 2930 resticulic
399 2853 581 2951 plexuque
605 2854 704 2929 vario
728 2868 837 2949 caput
866 2852 922 2929 ia·

68 2953 242 3049 lgiabam.
292 2974 363 3048 qua
388 2971 503 3047 vagor
533 2975 556 3028 a
585 2952 720 3028 vertice
749 2954 867 3027 crines
897 2974 922 3028 a

68 3067 154 3127 onte
182 3051 373 3133 laxabam.
408 3051 625 3147 quaudoque
655 3063 778 3126 autem
806 3050 922 3126 rubri·

68 3150 161 3227 bam
181 3166 295 3245 genas
333 3149 532 3245 oculosque
553 3148 654 3224 stibio
672 3147 922 3238 subliniebatm

68 3249 252 3345 tendoque
274 3249 385 3324 etiam
403 3248 674 3347 lachrymarum
692 3247 821 3323 latices
836 3249 931 3325 mit«
984 3296 987 3300 ·

68 3372 115 3423 ur
139 3350 301 3425 animum
323 3347 506 3424 adulatrix
527 3348 747 3444 praecipitem
774 3348 920 3425 dabam.
980 3383 995 3399 ἱ

68 3466 126 3525 uae
145 3446 257 3543 igitur
283 3447 320 3521 io
345 3448 403 3523 hic
419 3443 589 3522 fueram?
620 3446 738 3534 Quem
753 3447 922 3525 innume·

68 3548 202 3623 lbilium
219 3547 350 3622 horum
374 3546 585 3621 morborum
604 3546 787 3623 inveniam
806 3546 922 3623 medi·

68 3644 146 3723 tm?
177 3643 201 3720 fi
220 3666 279 3721 rec
295 3667 397 3720 meas
415 3643 624 3722 hominibus
641 3646 787 3732 dixero‚'
810 3643 943 3720 inuti-⁸

68 3764 74 3831 ,Ι
105 3744 197 3823 mihi
224 3744 293 3819 erlt
328 3740 536 3840 hujusmodi
562 3744 770 3839 publicatio.
848 3743 923 3821 Sed

68 3866 121 3923 tm
149 3841 247 3918 mala
267 3839 499 3941 occultabo?
538 3839 593 3917 Ar
615 3865 757 3938 nequeo
786 3843 919 3932 latere,

68 3966 140 4021 tem
164 3943 261 4017 enlm
288 3941 451 4021 latuero.
478 3939 595 4016 Deum
621 3942 734 4019 latere
758 3966 831 4016 oon
857 3965 919 4017 va·

68 4038 139 4125 nol
171 4061 244 4140 quo
263 4062 350 4139 ergo
369 4037 538 4136 fugiam?
571 4040 632 4121 cui
652 4040 753 4122 omni
766 4040 851 4121 luco
864 4038 921 4137 jo·

427 4136 569 4237 Aeas
824 4139 925 4239 „dcx
